3950 5609
550 557 612 620 120
789 575 1011 618 nsuossueuss
1027 577 1076 618 os
1094 573 1257 616 snvnusus
1274 571 1441 615 nserussss.

547 723 671 790 τούτου
685 747 735 800 τις
748 720 907 808 ἀντιλέγῃ
921 746 989 807 μοι,
1006 720 1081 786 ἀλλ’
1100 719 1153 786 ἐπ’
1171 717 1276 786 ἐκεῖν’
1293 714 1373 804 εἶμιε
1391 716 1476 784 ὅταν
1491 722 1601 784 ταῦτα
1615 718 1687 802 λέγῃ

547 825 673 909 δήπου·
716 821 876 910 ὁμολογεῖ
906 825 969 909 μὲν
999 818 1085 888 εἶναι
1114 824 1236 906 βελτίω
1266 822 1321 886 καὶ
1350 821 1569 904 δικαιότερον
1599 820 1689 884 τόνᾶε

546 923 607 992 τὸν
626 927 733 1012 νόμον
755 916 800 992 οὖ
819 927 972 992 τέθεικεν
995 923 1113 1006 αὐτός,
1143 921 1229 1006 ὑπὲρ
1250 923 1287 989 di
1308 927 1370 988 τοῦ
1385 924 1474 1000 πῶς’
1495 921 1690 1006 τεθηίιεται5

507 1040 688 1097 menesteus
716 1027 776 1094 τὸν
802 1028 915 1111 λόγον.
969 1027 1061 1112 (100)
1085 1031 1231 1111 Πρῶτον
1255 1025 1318 1109 μὲν
1341 1027 1462 1090 τοίνυν
1489 1025 1582 1090 εἰσιν
1607 1021 1691 1107 αὐτῷ

545 1127 629 1196 κατὰ
653 1137 714 1196 τοῦ
740 1131 1023 1214 παρειςφέροντος
1045 1129 1165 1194 πολλοὶ
1189 1127 1326 1210 τρόποι,
1357 1125 1403 1192 δι’
1427 1115 1495 1210 oin,
1521 1124 1589 1193 ἆνῑ
1615 1123 1693 1210 tioi-

544 1335 627 1390 runt,
655 1328 793 1389 omittam,
821 1342 855 1382 ne
881 1327 944 1400 quis
965 1325 1031 1382 mihi
1054 1324 1265 1380 controversiam
1287 1339 1317 1378 ee
1337 1323 1371 1378 dc
1392 1339 1421 1378 re
1443 1321 1541 1385 iaciat.
1568 1320 1621 1380 sed
1635 1320 1695 1378 illue

545 1413 641 1468 senio:
669 1411 775 1469 scilicet
794 1428 878 1485 quum
901 1410 969 1466 iliud
988 1411 1069 1472 dicit,
1092 1407 1238 1464 confitetur
1259 1407 1399 1464 meliorem
1415 1415 1443 1464 et
1458 1409 1624 1482 aequiorem
1638 1423 1694 1462 esse
1785 1407 1786 1426 i

545 1498 616 1552 isauro
629 1495 719 1570 legem
734 1514 775 1562 es,
801 1513 881 1570 quesn
896 1497 956 1569 ipsc
972 1495 1075 1556 tulerit,
1097 1493 1146 1550 scd
1161 1492 1193 1548 dc
1210 1491 1289 1550 modo
1306 1494 1377 1566 agit.
1401 1509 1456 1568 quo
1472 1495 1508 1549 sit
1523 1489 1693 1567 perferente

547 1578 630 1654 (100)
646 1581 764 1638 Primum
779 1583 867 1655 igitur
881 1579 982 1636 multae
999 1579 1038 1635 illi
1054 1580 1175 1635 rationes
1192 1586 1257 1634 sunt
1272 1585 1366 1635 contra
1382 1577 1615 1640 substituentem,
1639 1577 1693 1650 qui·

545 1665 610 1728 bus,
632 1667 656 1722 si
671 1666 750 1730 velit,
772 1674 853 1740 cogat
873 1681 949 1728 eum.
970 1673 1002 1720 ut
1023 1666 1082 1738 ipsc
1103 1663 1191 1736 legem
1215 1663 1292 1720 ierat.
1327 1662 1424 1720 deinde
1445 1663 1617 1738 spondemus
1637 1678 1693 1722 nos.
1785 1649 1786 1680 1

544 1885 594 1933 Fr.
612 1884 644 1934 A.
665 1883 819 1934 Woliius.
859 1883 1086 1934 Westermannus
1113 1882 1220 1946 recepit
1247 1871 1317 1947 ἡμῖν
1340 1887 1429 1932 nostra
1451 1883 1597 1946 repetiens.
1638 1879 1694 1930 Imo

543 1961 615 2032 ripis
637 1967 724 2019 solum
746 1982 840 2018 serum
862 1971 917 2030 ast,
945 1982 1009 2017 nam
1032 1967 1060 2017 h.
1079 1966 1097 2017 l.
1117 1966 1301 2032 respiciuntur
1323 1965 1358 2016 de
1380 1963 1443 2031 lege
1468 1981 1486 2016 a
1506 1965 1692 2018 Demosthene

544 2058 645 2118 rogata
663 2052 786 2104 tabellae
805 2069 823 2103 a
834 2051 1040 2104 Thesmothetis
1060 2051 1237 2116 conscriptae
1256 2050 1431 2116 eiusdemque
1450 2050 1522 2116 legis
1540 2051 1576 2102 ab
1595 2049 1691 2102 iisdem

543 2138 754 2205 magistratibus
777 2138 920 2204 expositae
942 2137 1028 2200 ratio,
1050 2141 1082 2186 nt
1103 2135 1217 2202 quisque
1241 2135 1361 2186 iudicum
1384 2139 1550 2202 cognoscat,
1575 2129 1691 2194 ἕκαστος

543 2213 711 2288 &privbit
743 2224 880 2274 ductores
898 2221 970 2288 legis
987 2222 1042 2287 ipsi
1060 2221 1189 2272 sciebant
1206 2235 1277 2274 sam.
1345 2218 1372 2286 l)
1392 2220 1552 2272 ‘Sententia
1570 2220 1692 2288 postaslst

544 2305 573 2360 si
593 2307 638 2360 nel
660 2301 794 2372 πότερον,
815 2295 1024 2372 Interamnam,
1048 2313 1074 2356 ut
1093 2321 1124 2356 eu
1142 2309 1186 2356 ten
1204 2303 1330 2372 rogetur)
1367 2305 1542 2357 Reislsins.
1585 2305 1690 2356 ‘Parti-

544 2392 608 2444 cula
633 2391 692 2452 πῶς
718 2395 840 2458 pertinet
868 2391 904 2442 ad
931 2390 1071 2456 modum,
1102 2407 1155 2456 quo
1178 2389 1223 2442 lex
1246 2406 1318 2442 nors
1343 2389 1540 2442 auctoritatem
1564 2391 1689 2459 accipere

543 2477 641 2542 possit.
677 2478 774 2528 Potuit
791 2481 884 2528 autem
901 2476 930 2526 id
947 2475 1020 2541 fieri,
1044 2481 1074 2526 ut
1091 2475 1223 2540 vidimus,
1242 2481 1290 2526 aut
1308 2473 1368 2526 sols
1387 2476 1570 2542 abrogatione
1588 2475 1689 2530 veteris

542 2561 615 2626 legia
628 2563 744 2625 notaio,
763 2567 795 2611 ut
813 2563 860 2626 qui
878 2561 990 2612 tulisset
1008 2555 1097 2626 νόμον
1115 2552 1380 2628 ἆντειςφερόμενον,
1399 2559 1472 2612 idem
1490 2560 1614 2628 legitime
1632 2575 1688 2628 per·

543 2647 639 2696 terret.
674 2645 735 2697 Iam
753 2646 823 2697 nibil
840 2647 940 2710 reiert,
958 2647 1058 2713 inquit,
1078 2645 1142 2696 dnm
1160 2645 1205 2697 les
1223 2661 1285 2696 mes
1305 2645 1466 2712 recipiatur,
1485 2651 1548 2698 ntro
1566 2647 1595 2698 id
1611 2643 1688 2697 modo

544 2729 606 2792 list,
631 2735 659 2780 et
681 2729 714 2781 de
739 2731 792 2782 bac
818 2748 846 2782 re
865 2731 999 2796 Leptines
1023 2732 1125 2782 trustra
1147 2731 1275 2797 loquitur.
1316 2731 1422 2798 Nempe
1444 2731 1469 2782 si
1490 2731 1687 2784 Demosthenes

544 2831 606 2866 cum
623 2816 681 2864 suis
701 2831 733 2866 eo
752 2814 869 2878 indicio,
892 2815 964 2880 quod
981 2831 1054 2866 nunc
1073 2817 1178 2883 agitur,
1202 2815 1271 2866 illud
1289 2816 1422 2878 vicerint,
1446 2819 1476 2866 nt
1494 2817 1621 2883 Leptinis
1644 2816 1687 2867 iss

544 2899 671 2962 tollatur,
695 2916 749 2951 non
773 2900 861 2950 solnm
883 2901 954 2952 haec
977 2901 1084 2952 inutilis
1108 2907 1154 2952 sut
1177 2901 1254 2967 reipl.
1280 2901 1450 2968 perniciosa,
1477 2901 1528 2954 sed
1551 2902 1687 2954 contraris

542 2984 623 3035 simul
646 2985 696 3036 iila
713 2985 908 3036 Demosthenis
930 2985 1020 3037 videri
1043 2985 1157 3037 debebit
1180 2985 1276 3038 melior
1299 3001 1334 3037 sc
1358 2987 1458 3037 iustior
1476 2987 1608 3039 iudicatu.
1643 2987 1686 3038 Sic

544 3069 579 3120 ud
601 3084 689 3121 novae
713 3069 785 3136 legis
808 3071 1010 3135 praestantiam
1028 3071 1267 3122 demonstrandam
1285 3087 1340 3124 non
1357 3071 1468 3123 videtur
1485 3087 1601 3124 necesse
1619 3088 1684 3130 esse,

542 3157 573 3202 ut
590 3153 626 3202 ab
645 3170 693 3215 eo,
712 3156 760 3218 qui
777 3155 905 3221 scripsit,
928 3157 1089 3207 solennibus
1108 3156 1195 3207 modIs
1212 3158 1380 3224 perferatur.
1417 3157 1480 3208 Hac
1497 3159 1546 3208 vis
1564 3158 1685 3224 quodam-
1784 3219 1785 3224 Ἰ

544 3236 624 3289 modo
641 3236 737 3288 videor
755 3239 822 3288 mibi
839 3241 958 3291 oratoris
976 3247 1093 3292 mentem
1112 3239 1290 3308 perspicere)
1309 3243 1360 3293 nr.
1371 3244 1404 3294 A.
1417 3241 1573 3294 Woiiins.
1607 3243 1684 3297 ‘Ors-

543 3328 586 3372 tor
607 3322 661 3372 hoc
685 3322 758 3373 uult:
789 3324 906 3387 Quando
923 3325 1059 3392 Leptines
1081 3327 1150 3378 haec
1174 3311 1245 3378 dicit
1268 3325 1344 3390 (scil.
1363 3319 1506 3395 ἐξαπάτης
1530 3327 1628 3382 etum
1784 3389 1785 3398 ἵ

542 3397 577 3457 οὔ
595 3401 800 3473 τεθήσεσθαι),
824 3415 930 3460 tantum
953 3411 1034 3460 abest
1055 3415 1086 3460 ut
1108 3411 1175 3461 mihi
1198 3412 1284 3476 obsit,
1308 3415 1339 3461 ut
1356 3427 1423 3463 suae
1442 3413 1501 3478 ipse
1521 3431 1623 3467 causae
1640 3431 1682 3466 uo-

543 3499 615 3547 ceat,
649 3494 690 3543 its
714 3495 787 3544 enim
810 3494 915 3545 tutetur
940 3511 1029 3546 meam
1053 3497 1103 3546 suti
1130 3496 1220 3563 legem
1241 3513 1304 3549 esse
1332 3497 1473 3549 meliorem
1498 3505 1528 3550 et
1549 3500 1682 3552 iustiorem

542 3577 686 3642 omnisque
709 3578 877 3643 disceptatio
900 3579 954 3630 buc
975 3580 1062 3642 redit,
1085 3585 1116 3630 ut
1138 3580 1171 3632 de
1194 3581 1288 3633 modo
1311 3598 1390 3635 meae
1415 3583 1485 3650 legis
1503 3585 1683 3651 perferendus

542 3668 649 3728 agatur.
684 3660 784 3714 solini
802 3655 835 3713 δ’
854 3657 928 3716 εἰσιν
944 3659 1051 3728 τρόποι
1069 3667 1127 3719 sel.
1163 3665 1250 3717 Vides
1267 3666 1327 3728 assic
1344 3671 1423 3720 unice
1442 3670 1590 3722 tenendum
1609 3673 1681 3724 esse*

542 3745 760 3798 Schaeierns.
798 3747 871 3810 Quia
894 3749 972 3815 leges
995 3755 1103 3801 veteres
1125 3751 1159 3801 de
1177 3751 1346 3817 perferenda
1364 3769 1435 3804 nova
1453 3754 1515 3821 lege
1534 3771 1587 3808 usu
1604 3773 1682 3824 saepe

542 3835 623 3880 crant
644 3832 752 3894 irritae,
776 3838 869 3883 orator
891 3850 939 3900 per
961 3834 1149 3902 hypophoram
1173 3837 1253 3904 fingit
1270 3837 1430 3904 Leptinem¹
1454 3842 1535 3904 quasi
1558 3841 1593 3894 de
1616 3845 1682 3894 insto

542 3915 652 3980 quidem
670 3923 833 3982 argumento
845 3919 1079 3972 Demosthenicae
1098 3922 1169 3986 legis
1188 3924 1331 3974 convictus
1349 3930 1432 3986 esset,
1452 3925 1603 3992 timentem,
1622 3943 1682 3992 quo·

541 3999 619 4050 modo
638 4006 751 4066 cogeret
762 4001 976 4055 Demosthenem
994 4011 1025 4054 ut
1043 4007 1130 4072 ipsius
1149 4006 1239 4072 legem
1257 4010 1340 4059 etism
1358 4009 1529 4062 incautione
1543 4013 1681 4078 perferret,

541 4089 686 4149 postquam
709 4085 844 4136 iudicium
865 4089 1028 4155 Leptincam
1051 4091 1141 4156 legem
1165 4093 1347 4158 antiquasset.
1418 4093 1447 4156 b)
1465 4095 1629 4149 vedetosam
1644 4095 1682 4152 Ω.

608 4181 679 4242 100.
716 4177 1048 4256 1)ἇ’νμήΛ1ι]οιο.τθι
1073 4209 1201 4259 supersor
1218 4194 1322 4246 LaurS.
1341 4197 1374 4246 F.
1393 4205 1412 4250 t.
1430 4216 1452 4249 o.
1471 4197 1504 4247 X.
1523 4223 1558 4235 -
1586 4195 1681 4266 pipom

541 4270 576 4320 Σ.
594 4269 730 4334 prLaurS.
753 4273 827 4338 vulg.
874 4275 955 4327 ‘Post
976 4271 1017 4343 μή
1044 4271 1181 4344 βούληται
1206 4295 1313 4332 comma
1335 4281 1433 4332 sustuli
1457 4281 1503 4348 [ut
1526 4283 1582 4336 iam
1600 4282 1679 4350 reli,

540 4359 571 4402 ut
588 4354 706 4405 indivise
724 4356 853 4422 legantur
871 4349 908 4409 ἂν
925 4353 964 4425 μὴ
983 4353 1120 4428 βούληται
1139 4364 1240 4416 θεῖναι
1259 4359 1310 4416 τὸν
1328 4358 1426 4432 νόμον,
1445 4383 1499 4418 non
1516 4367 1618 4422 θεῖναι
1635 4363 1680 4421 τὸν

540 4430 629 4501 νόμον
646 4431 737 4492 αὐτὸν
754 4433 931 4506 ἀναγκάσει)
954 4446 1007 4495 Fr.
1021 4445 1053 4497 Δ.
1066 4446 1157 4498 Wolf
1162 4449 1222 4500 ius.
1258 4449 1358 4501 Melius
1377 4451 1456 4503 abest
1473 4455 1602 4519 negatio,
1620 4454 1679 4520 quis

541 4521 653 4572 facilius
677 4529 719 4573 est
742 4525 777 4575 ad
800 4519 937 4591 βούληται
959 4529 1106 4593 Leptinem
1129 4532 1339 4600 subintelligere
1363 4551 1444 4601 quam
1462 4529 1513 4588 τὸν
1531 4534 1677 4602 παρειςφὲ-

524 4605 635 4664 'postu⁸
666 4605 814 4659 Commstis
832 4616 925 4662 autern
944 4613 1052 4678 signum
1071 4611 1282 4682 poenituitque:
1296 4619 1451 4686 ponendum
1464 4627 1515 4674 est.
1544 4639 1606 4672 uam
1618 4614 1676 4689 βοό-
