3950 5609
525 545 567 611 62
765 566 986 611 nsnoernems
1001 567 1052 609 on.
1067 563 1229 609 rnvnesns
1244 563 1412 611 sternens.

525 738 627 799 γονεν
648 712 757 799 αὐτῷ7
783 713 820 791 τὸ
842 712 922 797 παρ’
944 712 1060 800 ὑμῶν8
1087 714 1206 795 λαβεῖν
1224 712 1318 777 τότε”
1339 711 1402 798 τήν
1421 712 1587 781 ἀτέλειαν.
1633 718 1705 788 τίς

526 808 591 883 οὖν
610 808 709 894 οὗτός
730 818 838 895 eurem
865 815 1059 899 Ἐπικέρδης
1070 817 1093 855 ¹⁰
1115 812 1133 880 ὁ
1155 817 1395 898 Κνρηναῑος,“
1421 815 1476 898 ὅς,
1502 823 1600 902 εἰπερ
1633 841 1706 891 τις

525 917 626 997 ἄλλος
646 924 715 985 τοῖν
736 918 941 1003 εἰληφότων,
969 920 1106 994 δικαίως
1119 913 1247 1002 ἠξιώθη
1267 918 1390 1003 ταύτης
1409 924 1468 1003 τῆς
1489 924 1604 1004 τιμῆς,
1644 913 1707 983 οὐ

525 1026 571 1109 τῷ
581 1022 604 1062 ¹²
617 1021 762 1106 μεγάλα,
782 1017 982 1104 ἢθαυμιὲοι’
998 1016 1098 1104 ἡλίκα
1113 1022 1251 1101 δοῦναι,
1273 1019 1358 1086 ἀλλὰ
1377 1025 1423 1107 τῷ
1445 1020 1538 1105 παρὰ
1551 1026 1709 1087 τοιοῦ-

488 1142 513 1182 20
525 1148 585 1189 τον
605 1123 741 1206 καιρόν,
766 1122 804 1187 ἑν
825 1112 853 1205 ᾦ
875 1122 930 1186 καὶ
950 1126 1020 1187 τῶν
1040 1112 1081 1187 εὖ
1094 1123 1318 1188 πεπονθότων
1332 1126 1434 1207 ἔργον
1444 1126 1470 1164 ¹³
1490 1116 1536 1208 ἦν
1552 1120 1710 1206 εὑρεῖν
1759 1133 1760 1146 ’

526 1225 690 1291 ἐθέλονταί
704 1248 797 1306 τινα,
817 1216 900 1289 α’νῑ)
922 1220 1431 1309 εὐεργε’τητο,1’”’μεμνῆσθαι,16
1473 1226 1545 1314 (42)
1569 1217 1710 1300 οὗτος

525 1324 590 1410 γὰρ
611 1322 732 1411 ἃνήρ,“
761 1322 806 1402 ὡς
826 1322 863 1391 τό
885 1325 1041 1411 ψήφισμα
1060 1331 1161 1391 τοῦτο
1183 1329 1284 1410 δηλοῖ
1299 1325 1357 1391 τὰ2
1377 1326 1447 1393 τότ’
1469 1324 1563 1413 αὐτῷ
1585 1351 1707 1411 γρα-

526 1504 610 1561 rebus
626 1507 651 1561 in
668 1523 714 1561 vus
735 1505 871 1562 beneficus
887 1504 1034 1566 exstiterit,
1056 1522 1129 1561 nunc
1143 1514 1233 1561 eutem
1249 1506 1273 1561 ei
1289 1506 1459 1569 immunitus,
1480 1515 1575 1564 tunee
1594 1506 1702 1561 rolris

527 1590 730 1664 temptaminis
744 1590 811 1647 tecte
825 1592 868 1646 sir.
886 1592 908 1646 is
921 1592 1007 1664 igitur
1018 1592 1079 1663 quis
1091 1592 1153 1646 est?
1168 1590 1484 1665 EpieerdesCyreneeus,
1494 1593 1551 1665 qui,
1561 1591 1585 1647 si
1597 1592 1702 1665 quis·

528 1692 609 1749 quem
623 1675 692 1731 eiius
708 1675 918 1737 honoraturum,
946 1678 1004 1731 inre
1020 1692 1050 1731 ee
1065 1677 1163 1731 merito
1179 1678 1233 1732 isto
1254 1676 1360 1732 honore
1380 1677 1508 1749 dignutus
1529 1684 1588 1738 est.
1620 1694 1696 1731 non

528 1762 601 1834 qumi
622 1777 717 1833 magne
734 1760 864 1834 quaedam
880 1768 925 1817 aut
941 1760 1094 1817 udnrirendr
1110 1762 1293 1834 praestiterit,
1313 1761 1362 1818 sed
1382 1762 1456 1836 quod
1477 1760 1522 1817 teli
1545 1769 1695 1834 ternpore

528 1846 553 1902 id
571 1846 648 1908 iecit.
670 1862 725 1919 que
745 1845 852 1901 diiiiciie
874 1853 932 1902 eret
947 1845 988 1903 vel
1005 1862 1099 1901 eurum
1115 1846 1231 1920 aliquem
1247 1847 1382 1909 invenire.
1405 1849 1451 1921 qui
1467 1848 1573 1921 unguis
1588 1846 1696 1901 herre-
1764 1884 1766 1945 η

528 1930 596 1987 iieiis
617 1929 744 1993 uii'eetus,
770 1947 873 1987 memor
892 1929 1086 1988 beneficiorum
1109 1948 1169 1987 esse
1191 1930 1279 1987 veliet.
1325 1929 1387 2004 (42)
1406 1932 1472 1987 Nem
1493 1932 1538 1987 ilie
1558 1933 1619 1993 vir,
1653 1940 1692 1985 mr

529 2016 581 2072 huc
595 2016 732 2073 decretum
748 2016 821 2090 qued
844 2024 899 2071 turn
921 2015 980 2072 eius
999 2033 1078 2072 ceusu
1100 2016 1200 2072 iactum
1216 2026 1258 2073 est
1273 2016 1387 2080 indicet,
1407 2016 1511 2073 civibus
1531 2016 1579 2073 ilio
1604 2026 1691 2072 tenr-

595 2183 621 2247 7)
645 2174 723 2249 αὐτῷ
745 2198 788 2233 om
810 2181 890 2236 Lind.
929 2183 1063 2233 Fortasse
1091 2182 1125 2231 de
1153 2182 1281 2248 consilio,
1310 2184 1375 2248 quie
1402 2184 1549 2234 videbatur
1575 2188 1690 2232 aetate

527 2269 662 2320 orationis
680 2266 830 2333 Epieerdes
848 2282 901 2317 non
920 2272 1062 2333 superstes
1079 2267 1180 2330 inisse,
1204 2272 1235 2318 ut
1253 2283 1306 2318 non
1324 2268 1392 2333 ipsi,
1419 2268 1468 2319 sed
1489 2268 1588 2318 liberis
1611 2268 1690 2317 eius

528 2354 629 2403 iniuria
651 2352 729 2403 fieret
750 2352 813 2419 lege
831 2353 975 2418 Leptines.
1013 2352 1057 2403 Cf.
1076 2354 1100 2414 §-
1118 2353 1159 2403 rt.
1195 2353 1232 2402 At
1255 2354 1311 2415 εξ.
1330 2355 1364 2402 44
1386 2358 1464 2419 petet
1485 2358 1542 2403 tum
1565 2352 1687 2402 uixisse

528 2438 706 2503 Epieerdem‚
732 2451 827 2488 senem
850 2437 918 2489 iere.
993 2436 1020 2501 8)
1040 2430 1126 2503 ἡμῶν
1148 2436 1211 2489 Ald.
1234 2439 1302 2488 Μοτ.
1326 2454 1349 2487 s.
1373 2438 1470 2491 vindi.
1541 2437 1569 2502 9)
1593 2430 1686 2487 *τότε

529 2523 671 2587 transponi
688 2522 772 2572 debet
789 2524 817 2572 in
835 2522 952 2587 priorem
972 2526 1078 2587 purtem
1096 2524 1267 2573 sententiae:
1290 2513 1353 2575 τότε
1373 2508 1406 2573 εὖ
1422 2515 1563 2586 πράττων.
1600 2520 1686 2571 Con-

530 2604 620 2657 firmet
641 2608 790 2673 Ulpianus:
821 2598 836 2658 ὁ
860 2600 966 2657 πάλαι
990 2598 1149 2673 εὐημερῶν,
1178 2594 1261 2666 οὗτος
1287 2606 1350 2660 νῦν
1372 2602 1525 2671 ἐπίκουρον
1546 2604 1599 2658 τοῦ
1620 2605 1687 2672 ζῇν

530 2686 588 2758 ἔχει
611 2686 666 2757 τὴν
686 2682 843 2745 ἀτέλειαν)
873 2690 1103 2745 Marklandus.
1146 2692 1310 2758 ‘Argutstur
1331 2694 1392 2757 hie,
1415 2698 1445 2743 nt
1467 2693 1539 2743 alins
1562 2706 1685 2757 quoque
1759 2731 1760 2735 ,

529 2776 604 2827 lreud
621 2792 697 2839 τετο,
716 2776 896 2827 ΜετΙτΙιιττᾱιτς
915 2780 1026 2843 praeter
1044 2793 1109 2827 rem.
1146 2776 1292 2827 Sententia
1310 2783 1366 2829 est:
1388 2780 1430 2829 cui
1445 2794 1510 2828 nunc
1525 2793 1683 2843 peroppor-

531 2870 614 2912 tunum
631 2864 733 2912 accidat
749 2878 777 2913 se
795 2864 852 2913 oiim
869 2864 1019 2927 impetrasse
1037 2863 1221 2913 immunitam.
1257 2862 1317 2925 Quo
1339 2863 1404 2928 quid
1424 2878 1484 2913 esse
1502 2867 1594 2929 potest
1611 2860 1684 2927 pla·

530 2942 624 2995 nins?’
643 2945 812 2999 Reiskius.
849 2946 1002 2997 ‘Transitio
1021 2946 1055 2996 ud
1073 2962 1171 2997 novem
1189 2952 1295 3013 partem
1314 2948 1447 2999 orationis
1464 2946 1601 2998 facillima
1621 2952 1683 2997 est.

531 3032 587 3081 Iam
609 3046 689 3095 porro
711 3031 780 3082 uobis
802 3034 876 3081 etiam
897 3014 944 3082 Ιιοε
966 3033 1111 3097 uidendum,
1135 3049 1167 3081 ne
1183 3035 1278 3082 iniuria
1295 3034 1416 3098 afficiatis
1433 3048 1573 3098 quenquam
1589 3032 1681 3088 atim,

530 3119 554 3165 si
571 3118 626 3182 quis
643 3117 669 3166 iu
685 3132 729 3167 ονε
747 3116 867 3180 beneficia
884 3119 1000 3176 cuntulit,
1020 3135 1092 3184 quum
1109 3117 1211 3169 meliore
1226 3106 1334 3180 ferturus
1351 3125 1475 3174 uteretur,
1493 3117 1543 3167 sed
1555 3118 1598 3165 cui
1608 3132 1681 3165 nnnc

530 3203 622 3267 iniquis
648 3201 724 3251 rebus
752 3202 908 3267 conflictanti
933 3204 969 3252 nd
988 3205 1076 3252 vicima
1102 3204 1249 3253 necessaria
1270 3204 1343 3266 sucta
1367 3205 1505 3253 immunitas
1528 3208 1679 3267 opportune

530 3288 653 3345 subvenit,
674 3303 746 3354 quam
764 3290 789 3337 ei
803 3289 894 3353 priore
912 3296 1025 3353 tempore
1042 3290 1211 3339 concessistis.
1246 3288 1297 3338 His
1315 3289 1344 3337 in
1360 3289 1454 3339 verbis
1472 3293 1504 3337 ut
1521 3286 1577 3339 νῦν
1594 3285 1677 3337 vetet

530 3369 625 3431 κακῶς
642 3364 807 3437 πράττοντι,
831 3374 872 3423 sie
891 3367 955 3425 τότε
972 3372 1132 3425 necessario
1151 3372 1186 3422 ad
1204 3373 1279 3438 prius
1298 3376 1404 3438 tempus
1422 3376 1533 3438 spectet
1549 3372 1576 3424 h.
1595 3388 1619 3422 e.
1640 3370 1676 3420 ud

532 3443 564 3509 εὖ
581 3452 730 3521 πράττων]
758 3458 807 3507 Fr.
826 3458 857 3510 A.
877 3458 1032 3511 Woliins.
1074 3458 1116 3507 Ci.
1138 3459 1178 3507 Le
1198 3457 1297 3508 Cointe
1320 3474 1347 3523 p.
1367 3460 1424 3509 148.
1494 3456 1537 3521 10)
1560 3448 1675 3518 intute-

533 3541 585 3608 δης
608 3550 625 3595 t.
702 3542 743 3605 11)
764 3541 817 3592 Cit.
837 3542 972 3593 Aristides
996 3558 1021 3608 p.
1040 3546 1089 3594 362
1108 3545 1151 3595 W.
1175 3570 1206 3579 -
1236 3546 1406 3606 κερκνραῖορ
1427 3541 1486 3594 Aid.
1510 3542 1581 3595 Μοτ.
1604 3542 1673 3591 Ven.

530 3644 553 3681 s.
565 3635 584 3680 t.
597 3645 618 3681 u.
640 3654 672 3663 -—
690 3631 845 3693 ιινρηναῖος
864 3626 898 3678 Σ.
918 3628 1021 3677 LaurS.
1040 3628 1099 3678 Fel.
1117 3628 1192 3694 vulg.
1207 3656 1237 3665 —
1257 3627 1352 3678 ‘iilam
1370 3628 1516 3678 lectionem
1535 3626 1674 3693 praefero.

532 3712 702 3778 frequentior
724 3712 796 3761 enim
818 3726 884 3762 usus
906 3712 1121 3763 Atheniensibus
1147 3716 1208 3764 eret
1234 3729 1293 3764 enm
1318 3714 1483 3778 Corcyraeis
1507 3727 1589 3776 quern
1613 3726 1674 3761 eum

533 3797 697 3862 Cyrenaeie,
720 3800 816 3862 utpote
836 3797 881 3861 qui
901 3796 1057 3862 Spartanae
1077 3805 1169 3848 essent
1187 3796 1322 3863 originis)
1346 3797 1517 3848 Reiskius.
1554 3794 1606 3846 ‘At
1621 3796 1676 3845 tali

532 3881 688 3933 rntiuneuln
712 3882 772 3947 qnis
796 3886 892 3931 cautus
916 3886 944 3931 et
965 3884 1085 3948 prudens
1107 3887 1250 3934 moveretur
1272 3884 1301 3933 in
1324 3884 1405 3934 rebus
1424 3879 1540 3933 isetisi’
1571 3880 1621 3933 rr.
1641 3882 1676 3932 A.

443 3990 446 3997 ·
533 3966 691 4019 Woliius.
726 3968 768 4018 De
791 3981 842 4017 usu
864 3966 1074 4018 Atheniensium
1097 3973 1126 4018 et
1143 3968 1346 4034 Cyrenaeorum
1370 3969 1425 4021 vid.
1445 3968 1528 4017 etiem
1551 3964 1676 4017 Bneckh.

534 4050 637 4103 Oecon.
650 4053 682 4103 Τ.
695 4054 724 4103 II
736 4068 761 4118 p.
776 4054 824 4104 1³3
838 4052 879 4105 ed.
892 4053 938 4101 2¹⁸.
974 4052 1120 4111 Fertilitas
1138 4058 1230 4104 terrae
1247 4053 1365 4119 indeque
1385 4052 1577 4103 commercium
1590 4050 1674 4115 Cyre-

535 4218 619 4290 ἔργον
641 4238 737 4273 reeens
760 4236 857 4273 manus
880 4224 992 4289 scripsit
1014 4216 1149 4289 δυσχερὲς
1165 4222 1200 4275 Σ.
1270 4223 1312 4288 14)
1331 4210 1353 4274 ὦ
1370 4239 1403 4289 pr
1418 4222 1457 4285 Σ,
1481 4240 1498 4273 ν
1517 4220 1570 4271 add
1588 4219 1673 4283 antiq.

537 4358 579 4425 11))
603 4349 784 4427 εὐεργέτηντο
806 4358 903 4413 vinde.
930 4386 962 4396 —
993 4309 1177 4425 εὐῖρρέτηντο
1202 4359 1268 4412 Mei.
1299 4388 1330 4395 -
1360 4308 1528 4424 εὖξργέτητο
1550 4356 1584 4406 X.
1630 4356 1671 4404 De

536 4450 683 4510 augmento
702 4446 756 4497 vid.
775 4444 901 4510 Prolegg.
917 4444 1036 4495 (irenem.
1055 4444 1078 4505 ς.
1092 4446 1124 4494 78
1143 4460 1169 4509 p.
1181 4446 1222 4496 80.
1294 4447 1336 4503 16)
1355 4444 1408 4494 Cit.
1422 4442 1559 4518 Aristides
1577 4458 1603 4506 p.
1615 4442 1670 4491 36⁸3.

603 4524 651 4583 42.
687 4530 711 4595 1)
735 4520 809 4595 α’νηρ
832 4528 936 4579 LeurS.
960 4530 1034 4595 vulg.
1057 4556 1087 4565 -—
1119 4546 1194 4594 ανηρ
1217 4528 1248 4581 Σ.
1266 4540 1303 4565 ’-
1331 4520 1404 4593 ἁνήρ
1426 4527 1515 4578 Reti.
1540 4525 1618 4590 (tit)
1642 4550 1669 4561 -

530 4604 606 4683 ἀ’νήρ
623 4614 704 4665 Dinsl.
724 4615 798 4665 oiim.
835 4614 877 4663 cf.
896 4616 935 4675 ἐξ.
955 4618 995 4664 33.
1015 4617 1057 4664 tt.
1126 4612 1152 4679 2)
1171 4606 1203 4663 τὸ
1221 4630 1264 4663 om
1281 4630 1305 4667 r.
1324 4611 1423 4669 vinde.

534 4152 663 4188 uteorum
681 4152 807 4203 magnum
826 4152 843 4187 e
860 4138 953 4188 multis
970 4138 1098 4188 truditur.
1168 4127 1460 4204 11)οὖτρ5]οῧτωτ,
1531 4136 1573 4199 13)
1592 4150 1675 4199 snper
