3950 5609
550 537 592 606 96
796 564 1018 609 nuaosruenrs
1033 566 1086 609 oa.
1101 565 1264 611 mussans
1279 567 1449 611 narransu.

547 708 608 789 τὰς
640 709 767 789 τιολλιλς
801 712 857 777 ιιαλ
892 714 1089 799 παρέδωκεν
1122 710 1231 800 ὑμῖν(Ι
1266 714 1323 779 καλ
1357 717 1496 799 φιλίαςῖ
1536 715 1687 800 ἐποίησεν

511 836 536 873 10
551 806 683 899 ’ἐχθραῖς
705 814 847 899 ἐχούσας
870 814 1054 902 πρότερον,
1081 819 1245 902 τριςχίλια
1268 814 1321 881 d’⁸
1343 817 1538 902 αλῃιάλωτα
1558 817 1687 902 σώματι

550 914 647 1001 δεῦρ’
662 914 800 1001 ἤγαγεν,
816 918 873 983 καλ
888 920 993 985 πλέον
1006 918 1047 1005 ν)9
1063 920 1145 985 δέκα
1160 919 1216 985 καλ
1230 915 1351 986 ἑκατὸν
1365 917 1503 985 τάλαντ’
1519 917 1689 1003 ἀνέφηνεν

549 1014 614 1083 dud
640 1022 710 1085 suiv
735 1022 915 1105 πολεμίων.
961 1024 1029 1087 Καὶ
1053 1021 1186 1088 τούτων
1210 1021 1348 1087 πάντων
1374 1018 1473 1107 ὑμῶν
1497 1022 1633 1105 τινές,10
1660 1022 1691 1086 oi

548 1119 823 1205 πρεσβύτατοι,“
851 1121 1018 1207 μάρτυρές
1044 1125 1114 1189 riui
1135 1148 1202 1209 μοι.
1258 1121 1344 1209 πρὸς
1368 1123 1407 1189 δέ
1432 1123 1566 1201 τούτοις
1590 1120 1690 1200 ἄλλας
1769 1197 1771 1200 ,

511 1242 535 1285 m
548 1221 695 1307 τριήρεις
715 1224 819 1289 πλέον
833 1222 855 1309 ἢ
871 1230 1000 1290 εἴκοσιν
1015 1216 1096 1310 εἷλε,
1117 1223 1201 1316 κατὰ
1215 1228 1298 1311 μίαν
1312 1226 1369 1291 καὶ
1384 1225 1448 1291 δύο
1464 1224 1690 1311 λαμβάνων,η
1769 1219 1771 1224 ’

548 1321 587 1401 ἃς
603 1321 735 1405 ἁπάσας
750 1326 798 1404 εἰς
812 1324 891 1403 τούς
906 1324 1122 1412 ὑμετέρους13
1138 1328 1276 1413 λιμένας
1294 1328 1494 1413 κατήγαγεν.
1541 1328 1614 1413 (78)
1626 1325 1690 1393 Ἑνὶ

548 1521 664 1579 inicstue
680 1530 782 1588 essent,
799 1531 841 1579 ter
856 1522 929 1580 mille
945 1532 1036 1581 sutem
1051 1523 1157 1598 septim
1172 1540 1289 1599 corpora
1305 1524 1359 1580 buo
1373 1524 1456 1586 misit,
1472 1532 1501 1581 et
1516 1524 1635 1599 amptius
1649 1523 1690 1580 de·

548 1624 605 1663 cem
626 1615 783 1665 otrentum
804 1607 903 1665 tulenta
926 1626 958 1665 ex
978 1608 1105 1666 hostibus
1128 1611 1156 1665 in
1171 1611 1304 1665 serarium
1320 1608 1423 1666 intulit.
1465 1607 1586 1676 Quarum
1602 1628 1688 1667 rerum

548 1692 667 1749 omnium
695 1694 881 1749 testimonium
913 1696 1032 1751 vestrum
1060 1693 1169 1768 quidum
1201 1703 1268 1751 natu
1297 1693 1406 1750 maximi
1439 1694 1506 1751 mibi
1536 1694 1689 1770 perbibent.
1769 1705 1771 1764 ς

547 1776 659 1835 Praeter
678 1778 746 1835 bees
765 1777 832 1835 nlius
849 1780 970 1836 triremes
988 1779 1060 1836 ultro
1074 1781 1171 1859 viginti
1187 1780 1273 1854 oepit.
1294 1778 1413 1853 singulis
1434 1779 1475 1836 vei
1489 1779 1564 1837 binis
1579 1783 1689 1856 potitus

547 1878 615 1939 quus
630 1864 770 1921 universes
785 1866 813 1921 iu
829 1872 935 1921 vestros
952 1873 1051 1939 portus
1065 1864 1187 1922 deduxit.
1231 1863 1294 1937 (78)
1316 1864 1459 1921 Postremo
1478 1882 1551 1922 uuus
1572 1867 1690 1923 omnium

547 2112 601 2149 non
623 2097 770 2165 plorasque
794 2114 841 2150 eas
865 2098 969 2151 insulas
994 2100 1125 2151 memoria
1148 2098 1255 2150 iudices
1277 2099 1419 2155 tenebant.
1456 2099 1525 2151 ‘Sed
1546 2098 1690 2168 repudrata

547 2184 708 2235 coniectura
726 2198 777 2234 suu
793 2186 854 2251 ipae
872 2183 1052 2236 Msrklsudus
1071 2184 1106 2235 ud
1122 2170 1202 2236 Dein.
1221 2184 1241 2234 f.
1259 2183 1314 2251 leg.
1333 2201 1359 2251 p.
1378 2186 1437 2248 361,
1455 2187 1489 2236 23
1506 2186 1531 2246 ἕ.
1550 2188 1599 2250 ib,
1618 2190 1689 2236 reete

546 2266 629 2320 donet
644 2284 795 2335 pronomen
817 2256 901 2330 οὗτος
925 2258 1051 2335 [obsoni]
1075 2270 1109 2322 de
1126 2270 1211 2321 rebus
1230 2268 1392 2321 absentibus
1409 2269 1535 2336 quidem,
1559 2270 1612 2321 sed
1633 2271 1690 2322 bene
1769 2323 1771 2334 ἱ

545 2355 614 2405 aeds
630 2354 704 2421 poni.
739 2354 832 2407 Minus
849 2360 925 2407 rente
943 2352 1035 2406 iocum
1054 2355 1167 2421 exponit
1183 2354 1320 2419 Tsylorns
1338 2354 1372 2405 ad
1389 2354 1455 2406 trid.
1474 2354 1510 2405 sd
1527 2370 1554 2420 p.
1567 2356 1629 2419 580,
1643 2354 1689 2408 12³

546 2436 821 2491 uenerantes.
857 2439 1008 2505 ‘Taylorus
1028 2440 1227 2505 interpretetur
1244 2423 1395 2505 pronomen
1412 2437 1562 2501 detestande
1579 2454 1689 2507 usurpa·
1769 2485 1771 2490 .

546 2527 616 2588 tum,
639 2528 669 2574 nt
691 2528 783 2575 orator
800 2524 915 2592 digitum
933 2524 1086 2576 intenderit
1103 2524 1138 2576 ad
1156 2516 1281 2590 Πρᾶξεις
1298 2522 1429 2591 Χαβρίου
1447 2524 1474 2574 h.
1493 2540 1519 2575 e.
1538 2524 1574 2576 sd
1591 2525 1689 2577 librum
1769 2577 1771 2580 .

546 2608 733 2660 memorialem
757 2611 785 2660 in
808 2610 897 2661 medio
920 2612 1059 2661 iacentem
1082 2612 1111 2660 et
1128 2624 1191 2661 mox
1211 2608 1396 2673 recitandum,
1424 2610 1471 2677 qui
1490 2608 1634 2663 Chabriae
1650 2627 1689 2661 res

546 2698 640 2759 gestus
657 2692 808 2761 harumque
826 2694 977 2746 insularum
990 2696 1103 2747 nomina
1120 2700 1150 2746 et
1165 2696 1325 2746 memoriam
1342 2694 1582 2763 complecteretur.
1612 2696 1689 2748 Hane

546 2777 654 2843 quidem
678 2776 772 2845 δεῖξιν
793 2796 848 2831 uou
870 2784 960 2848 magis
982 2780 1069 2847 probo
1093 2796 1174 2847 quam
1192 2778 1315 2835 wolfius.
1350 2779 1400 2831 sed
1417 2778 1564 2832 ridendum
1581 2796 1620 2833 uo
1639 2782 1689 2832 De·

545 2863 702 2915 mosthenes
725 2864 795 2917 haec
819 2865 914 2917 dicens
936 2865 1088 2917 intenderit
1110 2864 1226 2933 digitum
1248 2880 1345 2917 versus
1361 2866 1504 2932 Aegaeum
1521 2871 1613 2929 mart,
1639 2881 1690 2932 qna

546 2946 635 3013 δείξει
664 2950 816 3003 orationem
845 2951 950 3002 factam
981 2965 1043 3003 esse
1073 2940 1279 3017 ἐναργεστέραν
1304 2966 1385 3003 nemo
1411 2950 1497 3001 facile
1525 2948 1688 3017 negaverit'

546 3032 764 3090 Sohaeferus.
798 3036 860 3087 Nou
876 3035 930 3087 hoc
948 3050 1127 3103 negaremus,
1151 3035 1200 3087 sed
1223 3036 1330 3087 absona
1351 3035 1431 3087 uobis
1442 3034 1561 3112 xvidetur
1577 3036 1647 3087 talis
1664 3036 1689 3085 in

545 3124 602 3171 tam
624 3124 742 3171 remotos
765 3119 842 3173 locos
863 3120 970 3173 directo
988 3120 1070 3189 digiti
1087 3120 1295 3173 demonstratio.
1332 3120 1412 3183 Quae
1430 3136 1495 3173 vero
1513 3126 1604 3174 restat
1622 3120 1687 3173 dnn·
1769 3139 1771 3172 ;

544 3204 650 3271 cultas,
668 3206 693 3256 si
711 3204 746 3257 ad
764 3206 843 3257 modo
861 3222 1053 3273 praegressum
1069 3204 1318 3274 Λακεδαιμονίους
1335 3208 1504 3273 respexeris,
1524 3212 1553 3258 et
1571 3208 1687 3258 animum

545 3290 704 3341 adtenderis
721 3290 757 3342 ed
773 3284 825 3353 τὰς
840 3285 965 3353 aalide?
984 3319 1017 3329 -
1034 3284 1143 3343 τούτων
1158 3308 1202 3341 om
1214 3292 1358 3343 Aristides.
1427 3290 1453 3354 6)
1472 3284 1544 3359 ἡμῖν
1555 3292 1581 3344 λι.
1593 3290 1687 3345 Vindl.

543 3375 712 3428 vensldv.
781 3376 808 3443 7)
828 3376 915 3442 φίλας
933 3378 1054 3444 vulg.-
1073 3376 1173 3443 φιλίας
1185 3377 1220 3429 Σ.
1234 3376 1339 3429 LaurS.
1357 3374 1516 3442 (vinens).
1586 3377 1613 3443 8)
1633 3376 1685 3429 ani

544 3460 685 3527 τριτχιλία
698 3460 820 3525 (omissis
831 3459 881 3515 ιιαλ
892 3457 1042 3529 παρέδωκε
1054 3500 1062 3515 .
1072 3498 1079 3513 .
1089 3498 1097 3514 .
1109 3455 1258 3527 πρότερον)
1270 3462 1415 3516 Aristides.
1471 3460 1499 3526 9)
1515 3456 1606 3515 πλέον
1617 3452 1638 3529 ἦ
1649 3478 1686 3513 om

543 3546 688 3600 Aristides.
741 3546 783 3614 10)
797 3560 873 3607 τινες
885 3538 964 3613 ὑμῶν
976 3548 1063 3613 Aegl.
1073 3547 1098 3599 λι.
1152 3549 1194 3613 11)
1212 3538 1399 3612 πρεσβύτεροι
1411 3547 1490 3598 Vsu?
1502 3546 1556 3597 fide
1565 3548 1685 3615 Taylnri,

545 3635 574 3681 at
587 3646 621 3682 ea
632 3632 718 3683 lectio
732 3630 759 3681 in
772 3632 861 3699 Appir
872 3648 927 3683 nnn
939 3634 1092 3699 reperitur,
1106 3647 1194 3697 neque
1209 3632 1292 3683 estin
1303 3631 1370 3694 did,
1383 3632 1455 3697 quod
1467 3630 1603 3697 Taylorus
1616 3632 1685 3683 affir-

544 3767 638 3819 mavit.
657 3768 733 3830 (fort.
747 3766 848 3832 Aldli)
863 3797 894 3806 —
912 3716 1102 3835 πρεσβντέιεοι
1113 3770 1145 3822 Ρ.
1157 3795 1192 3806 -
1208 3713 1434 3836 πρεσβυτέρτιέιιλλ
1451 3765 1527 3833 (aros
1544 3784 1563 3819 a
1578 3772 1595 3820 2
1608 3770 1683 3833 corr).
1769 3781 1771 3784 “

544 3851 706 3917 ‘vulgatam
733 3857 825 3903 tuetur
853 3870 1003 3919 pronomen
1030 3849 1120 3919 τινές,
1147 3854 1219 3919 quod
1242 3854 1419 3904 omittendum
1443 3860 1519 3917 erat,
1547 3856 1573 3906 si
1599 3860 1686 3907 orator
1769 3864 1771 3929 ί

543 3938 653 3989 omuino
675 3937 795 3989 maiores
817 3944 898 3999 natta,
925 3954 980 3991 nou
1002 3943 1095 3991 aetate
1117 3939 1234 3989 maxime
1252 3944 1412 4005 provectos,
1437 3943 1572 3991 antestari
1594 3940 1684 3994 vellet.
1769 3953 1771 3956 ·

544 4021 591 4072 Sic
614 4039 640 4088 p.
659 4023 723 4087 tta,
741 4026 788 4074 212
812 4010 832 4075 ἃ
849 4015 920 4088 παρ’
938 4014 1018 4090 ὑμῶν
1036 4022 1093 4076 τῶν
1110 4018 1307 4090 πρεσβυτέραν
1325 4016 1412 4085 αὐτὸς
1429 4016 1551 4090 ιλιιήιιαα.
1587 4026 1683 4077 Nostro

542 4107 606 4159 ioco
631 4120 712 4174 quum
739 4110 940 4161 Demosthenes
968 4125 1055 4161 anuos
1082 4111 1194 4160 testium
1224 4109 1383 4160 accuratius
1410 4108 1582 4163 definiendus
1611 4116 1682 4178 puts-

542 4195 627 4256 verit,
657 4186 733 4254 τινές
760 4199 836 4245 recte
865 4194 988 4245 additum
1015 4199 1066 4248 cst.
1106 4210 1170 4245 nam
1198 4192 1226 4244 id
1255 4195 1357 4244 aetatis
1383 4196 1464 4261 pauci
1491 4201 1572 4247 erant
1595 4211 1682 4262 snper-

542 4279 624 4330 stites
653 4279 699 4345 qui
726 4278 816 4332 ταῦτα
843 4271 958 4331 πάντα
985 4276 1106 4333 vivendo
1136 4276 1317 4344 attigissent'
1358 4278 1574 4333 Sebaeierus.
1618 4282 1681 4332 Nam

541 4378 628 4429 usque
659 4364 694 4414 ad
722 4364 831 4431 inmp.
854 4367 901 4429 96,
924 4368 940 4415 4
969 4364 1110 4416 auditores
1138 4369 1274 4416 retractos
1302 4380 1364 4415 esse
1387 4366 1458 4417 vidit
1484 4366 1568 4417 etiam
1590 4367 1634 4418 Fr.
1652 4366 1679 4415 b

542 4448 669 4507 Woiiius,
697 4450 744 4515 qni
771 4450 987 4516 comparativum
1011 4449 1188 4501 defendebat.
1223 4450 1272 4500 ilio
1301 4465 1373 4499 euno
1400 4454 1515 4516 primurn
1537 4453 1681 4517 imperator
1769 4494 1771 4524 Ι

542 4530 678 4585 Chabrias
701 4536 792 4585 iaetus
814 4537 865 4585 est.
905 4535 1016 4588 Diodor.
1035 4535 1109 4601 XIV,
1128 4538 1169 4585 92.
1240 4535 1283 4600 12)
1302 4526 1397 4601 λαβὼν
1414 4536 1488 4599 cong.
1560 4538 1603 4599 13)
1619 4529 1679 4604 ipas-
1769 4585 1770 4592 ,

540 4612 639 4685 vipoun
657 4619 682 4670 ir.
