3950 5609
508 609 730 655 oasosrmnus
746 613 794 656 oa
811 612 973 658 anteusus
991 615 1159 658 cassinen.
1344 593 1403 660 115

254 759 381 825 τούτου
394 760 418 800 ¹⁸
434 758 550 843 νόμον.
562 761 585 800 ¹³¹
614 759 790 840 γνώσεσθε
805 758 838 823 d’
854 757 1081 838 ἀκούοντες.21
1125 763 1196 847 (95)
1221 763 1330 846 Αοιβὲι
1347 765 1403 828 καὶ

255 863 331 944 λέγε
357 860 584 944 πρῶτονμὲν
610 855 633 923 ii
660 860 785 926 τούτου
814 865 895 926 τοῦῖ
929 863 1038 947 νόμου
1064 863 1300 949 γεγράμμεθα,
1332 861 1462 930 eid’ssu

255 962 295 1028 iil
311 985 427 1049 φαμεν
442 965 516 1027 δεῖν
530 959 605 1027 ἀντὶ
620 961 752 1028 τούτων
766 966 939 1047 τεθῆναι*
982 965 1096 1048 Λέγερ

749 1134 919 1188 ΝΟΜΟΣ.“

256 1295 424 1368 aequiorem.
456 1293 481 1348 iu
498 1293 571 1367 quod
587 1292 677 1349 audita
693 1309 723 1348 re
739 1295 921 1368 cognoscetis.
967 1291 1028 1367 (95)
1049 1295 1119 1371 Cape
1141 1305 1168 1350 et
1189 1299 1272 1353 recita
1290 1299 1403 1370 primunr

258 1397 326 1454 quae
348 1381 376 1436 in
394 1380 447 1434 isto
463 1378 524 1452 lege
539 1379 739 1440 accusavimus.
760 1378 855 1434 deinde
872 1395 942 1454 quse
963 1378 1074 1438 illorum
1089 1381 1150 1438 loco
1166 1383 1231 1456 poni
1248 1381 1345 1438 dehere
1361 1399 1403 1438 ns·

258 1467 385 1521 serimus.
431 1464 532 1520 Recita.

327 1699 369 1764 18)
390 1692 494 1750 τούτου
510 1697 571 1746 siue
590 1696 708 1747 articulo
727 1694 777 1747 τοῦ
795 1695 903 1747 uldese.
923 1699 953 1751 F.
965 1707 985 1749 t.
998 1717 1020 1752 u.
1035 1699 1069 1754 X.
1092 1727 1125 1736 -
1149 1693 1251 1752 τούτου
1270 1717 1321 1752 του
1339 1701 1405 1752 hiel.

260 1776 361 1836 τούτου
377 1797 432 1849 sqq
451 1782 485 1833 Σ.
508 1808 540 1818 -
570 1775 674 1832 τούτου
691 1778 743 1832 τοῦ
759 1781 847 1847 hugi.
865 1781 889 1831 lc.
909 1800 943 1848 pp
959 1781 995 1834 Π.
1021 1810 1051 1820 -
1081 1781 1132 1837 τοῦ
1154 1778 1256 1837 τούτου
1276 1785 1406 1836 liciskiue

260 1869 292 1918 de
309 1885 360 1919 suo
379 1868 468 1934 ‘quam
486 1870 530 1917 lesr
547 1874 585 1916 eet
603 1866 675 1916 huius
692 1865 843 1931 Leptinis’.
873 1868 914 1916 sic
933 1867 1037 1918 hahent
1055 1867 1159 1920 LaurS.
1178 1867 1218 1923 Ω.
1234 1871 1264 1922 Τ.
1284 1885 1304 1919 a.
1324 1869 1405 1920 Lind.

262 1981 291 1990 -
309 1945 362 2005 τὸν
378 1944 484 2003 τούτου
500 1967 524 2001 r.
596 1951 637 2011 19)
656 1941 747 2016 νόμον
763 1949 803 2004 Ω.
822 1950 920 2001 Vindl.
939 1954 963 2002 4.
982 1970 1016 2020 pp
1033 1952 1069 2002 Π.
1105 1952 1148 2004 Ci.
1167 1955 1192 2016 ξ.
1212 1957 1253 2005 95.
1287 1954 1405 2004 fortusse

262 2039 342 2089 etism
363 2039 392 2087 in
411 2037 435 2086 Σ
453 2039 603 2087 extremum
621 2051 639 2084 ν
657 2051 689 2085 es
708 2051 726 2085 v
744 2035 848 2086 iactum
868 2041 924 2100 est,
947 2041 1023 2086 certe
1042 2037 1137 2088 eedem
1156 2040 1244 2104 prima
1263 2053 1354 2093 mann.
1374 2065 1405 2075 -

261 2115 349 2190 seipso
370 2115 463 2188 stipor
485 2119 589 2172 Laan.
658 2121 702 2183 20)
720 2112 894 2180 ἀκούσαντες
914 2121 988 2186 vulg.
1013 2148 1044 2158 -
1075 2113 1229 2183 ἀκούοντες
1248 2121 1281 2174 Σ.
1301 2123 1404 2174 LaurS.

261 2257 299 2312 Ω.
319 2259 352 2312 u'.
369 2257 470 2309 Vindl.
487 2258 512 2310 4.
532 2254 569 2307 Π.
587 2256 653 2307 Mal.
673 2284 704 2293 —
731 2205 907 2316 dsodbbstsc
925 2258 955 2308 F.
974 2284 1005 2294 -
1035 2274 1077 2324 pp.
1098 2258 1244 2324 γνωσεσθε
1263 2251 1291 2310 δ’
1310 2246 1348 2312 εἶν
1362 2258 1403 2324 (l)

262 2334 436 2401 ἀκούσαντες
454 2357 532 2406 marg
549 2341 686 2392 recentior
704 2341 738 2393 Σ.

327 2440 378 2499 95.
417 2443 442 2510 1)
460 2437 538 2508 Λάβε
556 2442 592 2495 Σ.
615 2442 719 2498 Laurbl.
743 2443 817 2508 vulg.
837 2471 879 2504 ,-
909 2437 978 2509 λαβὲ
1002 2443 1075 2496 Bklr.
1099 2444 1196 2495 vindi.
1220 2443 1286 2495 Mal.
1311 2444 1348 2496 Π.
1371 2445 1404 2494 X.

263 2529 322 2583 Vid.
341 2528 376 2579 sd
394 2531 419 2592 5.
439 2529 482 2579 6³.
551 2528 578 2591 2)
595 2521 700 2580 sosiaco
718 2527 769 2580 τοῦ
786 2528 820 2580 Σ.
841 2527 944 2579 LsurS.
963 2527 1038 2594 vulg.
1058 2555 1088 2566 -
1108 2528 1176 2591 ‘Qui
1193 2544 1234 2580 ss.
1253 2530 1269 2580 b
1287 2529 1361 2594 (not.
1375 2529 1406 2592 7)

263 2613 453 2679 praetulerunt
479 2610 530 2664 sod
558 2603 661 2663 scisso
689 2605 793 2677 νόμον,
822 2612 906 2666 iidem
933 2628 982 2664 cur
1004 2613 1050 2663 hic
1079 2628 1132 2664 non
1156 2612 1284 2664 dederint
1310 2628 1406 2679 parum

264 2696 417 2765 intelligo)
454 2697 673 2750 Schneierus‚
724 2696 819 2748 decuti
846 2702 911 2748 suut
936 2696 1094 2748 Dindorlius
1123 2703 1151 2748 et
1177 2713 1265 2765 nuper
1295 2698 1407 2749 Bclrlre-

265 2798 317 2836 rus.
356 2785 393 2835 At
416 2782 455 2838 ci.
477 2783 519 2845 ἓξ.
542 2784 583 2836 ³0.
613 2785 660 2834 99:
695 2772 874 2834 sessonensi
898 2775 1002 2850 νόμον,
1032 2782 1097 2848 ibiq.
1121 2787 1178 2833 not.
1256 2783 1283 2847 3)
1307 2773 1345 2836 ἄν
1365 2781 1407 2848 Ω,

265 2871 291 2917 in
308 2883 360 2932 quo
378 2885 398 2919 α
418 2873 463 2919 est
481 2882 549 2920 corr.
575 2919 578 2926 ,
618 2869 646 2930 4)
665 2867 799 2920 tedricus
816 2867 924 2919 Aldstc.
943 2866 977 2918 Σ.
996 2867 1094 2918 Vindl.
1113 2894 1145 2904 -
1163 2865 1288 2932 τεθῆναι
1301 2867 1406 2921 LaurS.

265 2951 337 3017 vulg.
354 2979 386 2989 -
405 2949 518 3018 πρῶτον
597 2949 721 3017 τεθῆναι
741 2968 783 3002 om
801 2952 858 3018 prk.
927 2949 1045 3018 b)11ips
1064 2952 1149 3004 omit.
1218 2949 1244 3016 6)
1264 2949 1410 3004 ΝΟΜΟΣ

265 3052 354 3088 omnes
371 3037 446 3088 libri.
463 3060 498 3076 —
515 3033 855 3090 ‘KATHIUPHMATA
873 3034 1027 3088 ΝΟΜΟΥ.
1062 3035 1184 3087 'situlum
1203 3039 1317 3089 mutavi.
1355 3037 1406 3086 Re·

268 3122 349 3172 citare
367 3123 461 3174 scriba
478 3122 588 3173 iubetur
605 3123 721 3188 primum
741 3137 788 3186 ea,
808 3135 877 3187 quae
897 3122 932 3172 ad
950 3121 1157 3172 accusationem
1170 3121 1240 3186 legis
1252 3121 1406 3187 Leptiueac

266 3207 363 3258 vitiose
385 3207 463 3258 latae
485 3208 637 3272 pertinent,
661 3206 760 3258 deinde
777 3206 973 3257 Demosthenis
998 3205 1097 3273 legem.
1134 3204 1187 3256 Sed
1212 3205 1407 3271 interpellatur

267 3289 355 3356 homo,
378 3308 413 3344 ne
438 3291 555 3342 alteram
573 3295 681 3357 partem
698 3306 753 3342 nno
771 3295 867 3342 tenore
885 3291 977 3358 legat,
1000 3291 1157 3356 interiectis
1174 3291 1280 3341 verbis:
1307 3289 1406 3341 Ταῦτα

267 3370 316 3439 μέν
338 3368 415 3428 ἐστιν
438 3383 490 3432 otc.
531 3377 595 3427 Mox
616 3392 732 3442 pergere
755 3377 867 3427 iubetur
888 3376 924 3426 ad
945 3375 1035 3441 legem
1054 3375 1207 3441 Leptincac
1230 3376 1407 3426 contrariam.

268 3460 306 3510 sd
327 3476 408 3526 qnam
433 3461 597 3512 audiendam
621 3469 715 3512 orator
739 3461 907 3512 excitatione
930 3460 1050 3511 iudicum
1074 3475 1142 3525 opus
1165 3463 1266 3525 putans
1289 3459 1406 3510 clamat:

269 3541 413 3612 προσέχετε
431 3540 542 3607 τούτοις
560 3536 857 3613 ἀναγιγνωσκομένοις
873 3537 925 3597 τὸν
941 3542 1021 3597 νοῦν,
1062 3545 1121 3595 Iam
1143 3543 1245 3609 legitur
1263 3541 1410 3596 ΝΟΜΟΣ

269 3629 664 3683 ΑΝΤΕΙΣΦΕΡΟΜΕΝΟΣ
689 3629 769 3696 [libri
796 3629 884 3682 solum
907 3630 1018 3681 titulum
1042 3627 1189 3682 ΝΟΜΟΣ
1209 3625 1347 3695 hahent]‚
1377 3633 1408 3680 nt

271 3729 301 3762 ex
316 3729 366 3766 usu
384 3715 492 3768 Graeco
510 3717 720 3781 inscriptionem
739 3716 803 3770 ieci.
839 3712 955 3781 [Contra
972 3711 1071 3780 usum].
1107 3715 1207 3766 Verum
1225 3713 1271 3765 hic
1290 3725 1407 3779 quoque,

270 3798 314 3848 nbi
331 3799 365 3851 ad
384 3817 444 3852 eum
461 3801 551 3852 locum
569 3804 681 3852 sentum
700 3804 755 3861 est,
778 3801 825 3865 qui
843 3799 897 3851 init
914 3800 948 3851 de
966 3799 1045 3850 donis
1064 3798 1159 3866 populi
1176 3799 1245 3850 retis
1262 3797 1408 3862 habendis,

271 3881 464 3938 Demosthenes
486 3885 661 3952 interpellat,
686 3901 738 3950 quo
761 3887 874 3952 gravius
893 3899 953 3935 eum
972 3884 1062 3935 locum
1083 3883 1255 3936 auditoribus
1273 3898 1407 3936 commen·

272 3965 315 4017 det
330 3983 368 4023 vs.
388 3973 420 4022 10
437 3987 495 4037 sqq.
531 3972 621 4036 Atque
638 3969 690 4021 lroc
714 3971 774 4036 ipso
793 3969 910 4021 consilio
928 3969 1039 4020 ducitur
1057 3969 1092 4020 ad
1112 3968 1195 4020 oliam
1214 3968 1349 4035 quandam
1368 3968 1406 4020 le-

273 4067 328 4114 gem
345 4057 491 4122 aLeptine
510 4071 564 4107 non
582 4057 672 4106 minus
689 4055 838 4106 violaturos
857 4045 922 4106 κατ’
937 4046 1009 4106 αὐτὸ
1022 4051 1107 4106 τοῦτο
1120 4049 1228 4120 {sopora
1265 4055 1407 4104 Postremo

273 4150 359 4190 rursus
376 4147 438 4206 post
454 4142 527 4193 hanc
544 4141 634 4207 legem
651 4141 799 4191 recitatam
817 4139 1018 4191 Demosthenes
1041 4155 1070 4190 se
1089 4140 1225 4190 immiscet
1243 4135 1407 4204 praeludens

274 4219 350 4273 alteri
365 4228 437 4291 porti
455 4226 526 4290 legis
545 4223 720 4277 contrariae!
748 4224 1010 4278 Fr.A.Woliius.
1046 4225 1104 4276 Iam
1123 4221 1253 4274 Reislrius
1271 4223 1300 4272 iu
1317 4226 1407 4272 trans·

274 4301 369 4360 latione
390 4327 440 4377 pro
461 4311 548 4378 primo
570 4310 653 4362 titulo
676 4303 780 4375 Γραφή
798 4308 951 4376 ponendum
974 4312 1164 4371 suscenset,
1188 4321 1266 4372 quem
1285 4307 1406 4358 Wester·

275 4404 381 4445 mannus
404 4397 438 4448 ad
461 4397 488 4447 h.
506 4397 526 4447 1.
551 4401 580 4446 et
601 4396 621 4446 l.
639 4413 662 4446 c.
686 4411 712 4461 p.
729 4397 780 4446 trs
801 4394 948 4460 probabat.
992 4395 1094 4445 Veram
1121 4393 1256 4443 rationem
1280 4389 1408 4442 viderunt

276 4473 324 4525 ianr
345 4478 414 4530 idem
436 4481 484 4531 ille
505 4481 636 4531 Reislrins
664 4485 693 4531 st
715 4479 899 4542 Schasierns,
929 4479 975 4544 qui
999 4479 1134 4544 interpres
1156 4477 1226 4526 hece
1250 4476 1407 4527 adnotavit:

277 4557 343 4612 ‘Non
362 4581 428 4631 opus
450 4567 518 4629 suit,
541 4571 572 4614 ut
594 4564 692 4615 titulus
716 4568 878 4614 mutaretur.
915 4579 984 4628 quse
1008 4563 1079 4613 enim
1105 4565 1133 4610 et
1157 4560 1203 4610 hie
1226 4565 1254 4610 st
1277 4560 1408 4626 deinceps

278 4634 388 4714 (ἕφέξῆς
405 4667 444 4702 rs.
464 4650 495 4714 a)
519 4651 633 4700 recitari
656 4651 798 4712 iubentur,
828 4649 921 4698 omnia
950 4646 1143 4714 complectitur
1168 4659 1252 4696 unum
1279 4645 1408 4709 idemque

1162 4729 1206 4794 8*
