3950 5609
467 602 607 649 Anonsar
623 606 842 649 annunnueun
860 606 892 650 ια
907 608 958 648 oa.
974 606 1141 649 musaeus
1156 606 1317 649 aserenan
1443 584 1465 648 5

315 752 498 819 κελεύοντα
524 752 678 837 ἀναιρεῖν
704 754 839 837 πρῶτον
863 750 924 819 τὸν
951 754 1109 819 ἐναντίον
1134 753 1280 838 andnemi
1307 753 1364 817 καί
1389 754 1463 818 τότε
1477 785 1502 821 ιο

315 852 421 920 αὐτὸν
431 857 454 897 ¹⁰
474 856 606 921 τιθέναι
627 854 750 941 νόμον,
772 855 829 920 ἵνα
849 853 894 940 μὴ
917 854 1076 941 ἀλλήλοις
1091 856 1240 923 ἐναντίοι
1256 855 1353 941 νόμοι
1369 851 1463 939 εὑρί-

315 976 472 1027 damnent.

783 1086 996 1157 ΑΛΛΩΣ.1

380 1260 409 1313 1.
428 1246 464 1314 Ὁ
478 1244 562 1333 πρὸς
578 1250 749 1333 Λεπτίνην
764 1248 863 1331 λόγος
879 1245 1074 1335 ἐπιγραφὴν
1089 1250 1155 1331 ἔχει
1171 1248 1349 1331 τοιαύτην,
1371 1248 1462 1313 ἐπει-

314 1352 443 1436 δήπερῖ
463 1349 695 1435 παρελθόντος
715 1355 778 1414 τοῦ
798 1350 941 1436 χρόνον,
963 1351 1002 1415 ἐν
1018 1342 1256 1436 senesanna
1270 1341 1333 1434 ἦν3
1354 1353 1462 1433 κρίσει
1477 1372 1501 1410 ss

315 1454 371 1519 καί
386 1457 528 1539 τιμωρίᾳ
548 1451 711 1535 γροίφιον4
732 1455 800 1530 τις5
815 1453 938 1537 νόμον,
965 1452 1124 1535 ἐφαίνετο
1139 1454 1307 1535 Λεπτίνης
1321 1448 1463 1515 ἀκίνδυ-

315 1558 412 1638 νος,“
440 1553 524 1620 ὅθεν
543 1550 627 1637 πρὸς
648 1550 770 1638 αὐτόν,
798 1552 874 1618 αλλ’
897 1551 939 1619 οὐ
960 1552 1035 1618 κατ’
1051 1550 1158 1618 αὐτοῦ
1181 1550 1324 1635 ὀλίγος.
1366 1549 1408 1617 Ἡ
1425 1554 1462 1618 δὲ

315 1654 480 1733 ὑπόθεσις
494 1653 602 1732 οὕτως
617 1656 698 1739 ἔχετε
722 1655 871 1739 σύνηθες
891 1646 936 1739 ἦν
956 1659 998 1741 τῇ
1015 1654 1112 1720 πόλει
1127 1658 1196 1719 τῶν
1208 1652 1398 1737 Ἀθηναίων
1412 1678 1463 1719 τι-

313 1762 382 1843 μᾶν
407 1754 487 1834 τούς
515 1756 690 1841 εὐεργέτας
710 1757 872 1842 μοίλιατα7
893 1758 1053 1833 πολλαῖς8
1074 1756 1130 1821 καλ
1158 1756 1334 1840 διαφόροις
1354 1767 1463 1841 τιμαῖς
1476 1778 1502 1817 ao

314 1937 389 2009 leges
411 1953 469 1992 euru
493 1934 588 1991 tulisse
609 1934 707 2008 legem.
738 1935 804 1991 (licit
825 1936 895 1991 enim
917 1934 1007 2008 legem
1028 1950 1098 2008 qnae
1121 1933 1197 1989 iuhet
1217 1935 1306 2007 primo
1330 1934 1463 2007 abrogare

315 2022 402 2095 tegern
423 2020 601 2082 contrariam,
624 2028 652 2077 et
680 2028 736 2075 tum
757 2022 843 2094 ipsam
864 2019 1032 2075 substituere
1053 2018 1158 2093 legem,
1186 2027 1217 2074 ut
1239 2035 1273 2074 no
1294 2018 1371 2092 leges
1392 2021 1463 2075 inter

315 2124 376 2163 sese
392 2106 544 2163 contrariae
559 2106 741 2179 reperiantur.
784 2096 787 2101 ’

380 2191 405 2247 1.
429 2190 566 2247 Adversus
575 2189 716 2264 Leptiuem
733 2192 820 2245 oratio
837 2188 1009 2250 inscribitur.
1026 2190 1099 2262 quod
1114 2190 1264 2263 praeterite
1280 2207 1313 2245 eu
1331 2198 1463 2264 tempore.

315 2279 341 2333 in
358 2293 413 2350 qno
430 2276 500 2348 legis
516 2281 612 2331 auctor
627 2275 727 2331 iudicio
744 2283 771 2329 et
786 2290 891 2348 poenos
906 2273 1041 2330 obnoxius
1057 2281 1130 2337 erat,
1153 2274 1283 2347 Leptines
1300 2282 1374 2329 crtre
1390 2276 1462 2349 peri·

315 2362 405 2419 culum
428 2378 488 2416 esse
511 2358 664 2422 videbatur,
687 2359 757 2414 unrle
778 2360 907 2415 adversus
929 2376 1004 2422 eunt,
1028 2376 1083 2415 non
1104 2360 1131 2414 in
1153 2376 1214 2414 cum
1231 2360 1348 2415 orationi
1366 2360 1462 2415 titulus

315 2456 365 2502 est.
408 2446 607 2518 Argumentum
628 2452 719 2500 autem
735 2452 777 2499 est
793 2444 962 2500 huiusmodi:
989 2444 1198 2500 Atheniensium
1213 2445 1315 2500 civitati
1330 2444 1462 2501 familiare

315 2538 373 2587 erat
388 2529 497 2585 niheere
512 2530 626 2586 marinus
641 2528 710 2585 heus
725 2530 838 2585 nteritos
854 2526 947 2585 multis
968 2536 997 2585 et
1019 2530 1097 2585 variis
1113 2528 1264 2587 laesoribus
1280 2537 1364 2603 atque
1380 2530 1461 2585 etiarn

383 2694 409 2760 9)
432 2686 519 2761 ἐχρῆν
544 2688 597 2761 γὰρ
623 2686 757 2758 ἀναιρεῖν
778 2690 890 2759 πρῶτον
913 2685 964 2746 τὸν
990 2684 1084 2746 decvs.
1121 2689 1210 2759 νόμον
1233 2686 1284 2745 τὸν
1306 2686 1460 2747 κελεύοντα

315 2772 367 2841 τὰς
383 2779 434 2832 τοῦ
451 2771 544 2846 δήμου
563 2771 670 2845 δωρεὰς
689 2771 766 2831 εἷναι
783 2776 903 2844 βεβαίας
921 2794 955 2844 γρ
973 2779 1150 2845 margLamb.
1171 2806 1205 2815 —
1231 2773 1306 2845 λέγει
1325 2777 1399 2845 (post
1416 2772 1462 2832 νό-

314 2865 378 2931 μον)
393 2858 538 2929 ...νόμον
554 2880 596 2915 orn
606 2864 674 2917 Bas.
690 2862 815 2929 (nonne)
873 2863 914 2928 10)
931 2854 1021 2915 αὐτὸν
1039 2853 1143 2915 ἄλλον
1155 2863 1271 2915 Wolfius
1288 2864 1321 2915 de
1334 2880 1392 2917 suo.

382 2947 408 3005 l.
436 2938 576 3015 rtitttoc.
596 2941 737 3007 ὑπόθεσις
748 2941 820 3013 πρὸς
829 2946 974 3014 Λεπτίνην
987 2942 1081 3013 λόγον.
1101 2948 1197 3000 Vindl.
1212 2948 1310 2998 ‘Cuius
1327 2949 1379 3001 hoc
1393 2948 1462 2999 alte-

314 3051 372 3085 rum
390 3038 580 3100 argumentum
593 3034 643 3097 sit,
662 3034 764 3083 trustra
783 3034 903 3099 quaeris.
926 3049 989 3087 nam
1007 3033 1031 3082 si
1044 3032 1089 3084 vel
1101 3035 1219 3083 maxime
1233 3033 1349 3083 eundem
1362 3049 1460 3098 ponam

316 3136 378 3171 esse
398 3120 471 3169 hune
492 3120 653 3185 scriptorem
671 3122 699 3169 et
714 3118 910 3181 scholiastam‚
933 3133 968 3168 ne
989 3118 1042 3168 hoe
1065 3118 1173 3183 quidem
1191 3117 1272 3167 hodie
1295 3120 1394 3178 scitur,
1417 3119 1462 3168 cui

315 3205 420 3255 auctori
433 3202 538 3255 scholia
551 3203 688 3269 assignari
700 3202 833 3267 debeant,
852 3202 951 3269 quibus
967 3208 1075 3269 partem
1093 3202 1248 3252 orationum
1265 3203 1462 3253 Demostheni·

316 3304 409 3339 earum
425 3288 559 3339 habemus
581 3288 729 3353 oppletam.
765 3287 871 3337 Nomen
893 3287 965 3353 quod
986 3287 1149 3353 praeferunt
1167 3286 1281 3351 Ulpiani
1298 3303 1394 3353 parum
1412 3304 1461 3339 nos

316 3374 408 3435 iuvat,
430 3373 549 3423 hominis
566 3377 701 3433 aetatem,
724 3371 828 3434 locum,
850 3371 958 3437 reliqua
981 3373 1041 3422 eius
1057 3371 1164 3433 omnia,
1186 3370 1269 3436 plane
1290 3372 1460 3438 ignorantes.

316 3474 403 3522 neque
413 3457 442 3507 in
452 3456 565 3507 scholiis
575 3456 642 3521 ipsis
653 3457 780 3507 invenias
794 3456 948 3522 quidquam,
960 3456 1033 3507 unde
1046 3456 1138 3507 verior
1151 3456 1312 3507 coniectura
1324 3456 1460 3508 dueatur.'

314 3544 364 3593 Fr.
375 3542 407 3591 A.
418 3542 509 3593 Wolf
513 3542 573 3592 iu.
599 3540 775 3592 scholiastae
788 3541 841 3592 hoe
855 3541 971 3591 alterum
985 3545 1175 3606 argumentum
1188 3541 1283 3592 deberi
1297 3548 1415 3608 apparet
1428 3560 1461 3593 en

315 3628 437 3677 eiusdem
456 3624 523 3677 line:
547 3620 623 3678 ίτέον
644 3621 677 3678 δὲ
695 3617 742 3678 tut
759 3618 813 3692 τὴν
828 3625 1025 3691 μεταχείρισιν
1040 3621 1091 3675 τοῦ
1106 3616 1200 3690 λόγον.
1236 3628 1288 3676 Est
1305 3633 1397 3677 antem
1415 3628 1460 3677 hie

315 3712 468 3764 scholiasta
480 3712 604 3762 Zosimus
616 3710 788 3763 Ascalonita.
824 3709 886 3761 vid.
904 3709 1034 3775 Prolegg.
1048 3708 1115 3759 Crit.
1134 3710 1158 3771 §-
1171 3712 1204 3761 96
1221 3710 1288 3775 ibiq.
1302 3712 1348 3764 eit.
1362 3712 1460 3777 Heysii

314 3798 460 3848 Excursus.
497 3797 585 3847 Unius
599 3797 722 3847 auctoris
734 3795 786 3847 hoc
799 3800 989 3861 argumentum
1007 3798 1035 3844 et
1052 3794 1168 3845 alterum
1182 3794 1333 3861 (anonymi)
1347 3796 1383 3846 ad
1395 3796 1459 3847 fals.

314 3882 399 3949 legat.
433 3896 494 3932 csse
524 3880 692 3932 Schaelerus
722 3880 862 3931 concludit
891 3895 905 3931 c
931 3879 1133 3929 constructione
1167 3880 1351 3945 genitivorum
1378 3882 1460 3932 abso-

315 3968 431 4017 lutorum
453 3967 482 4016 iu
503 3972 618 4031 utroque
641 3970 801 4028 argumento
823 3962 1038 4030 catarascensis
1060 3963 1244 4015 adhibitorum
1265 3982 1292 4030 p.
1309 3967 1372 4026 336,
1396 3968 1411 4015 'l
1432 3971 1460 4016 et

315 4053 417 4117 pind,
433 4054 471 4101 16.
536 4050 562 4114 2)
582 4042 683 4115 ἐπειδὴ
696 4048 794 4103 Vindi.
857 4048 883 4115 3)
896 4038 937 4099 cdv
949 4062 1036 4115 marg.
1048 4048 1145 4103 Lamb.
1209 4052 1236 4111 4)
1249 4042 1373 4115 γράφειν
1384 4050 1458 4115 vrrlg.

314 4162 346 4172 -
360 4128 470 4201 γριίψαι
483 4136 517 4189 H.
531 4134 615 4185 Wolf.
629 4162 659 4171 —
674 4125 778 4199 γράφει
791 4134 889 4187 Vindl.
902 4136 926 4184 7.
939 4134 972 4185 Τ.
987 4134 1018 4184 Ο.
1035 4158 1067 4169 -
1085 4124 1205 4199 γράφων
1216 4133 1313 4201 Applr.
1325 4134 1413 4189 stov.
1426 4162 1459 4171 -

315 4212 430 4286 γράψας
447 4220 491 4272 Fr.
504 4219 536 4273 A.
550 4218 629 4271 Wolf
640 4218 674 4269 de
687 4235 745 4273 sun.
806 4218 832 4283 5)
846 4211 897 4270 ndu
908 4218 963 4269 Par
975 4218 1120 4271 'thiersch
1183 4220 1210 4280 6)
1227 4211 1389 4278 ἀκινδύνως
1405 4218 1461 4269 Par

316 4304 457 4355 'thiersch
529 4302 555 4367 i)
574 4293 674 4364 ἄλλαις
692 4320 722 4355 τε
739 4305 808 4355 Van.
825 4302 897 4354 unde
914 4303 1011 4369 Appfr.
1029 4308 1057 4353 et
1068 4302 1154 4354 AldV.
1168 4296 1318 4354 ‘Moiteanoi
1336 4304 1460 4355 referen-

315 4390 376 4441 dum
391 4394 433 4439 est
446 4388 481 4438 ad
493 4380 559 4447 τοὺς
572 4380 745 4456 εὖεργέτας’.
766 4388 982 4443 Schaet‘erns.
1014 4387 1232 4439 Construendnm
1245 4392 1288 4438 est
1299 4388 1460 4439 adverbium

316 4490 376 4525 crem
394 4471 492 4539 τιμᾶν,
518 4473 692 4524 referendum
715 4473 749 4524 ad
771 4462 861 4539 είεργ,
931 4473 958 4538 8)
976 4465 1084 4532 πόλεως
1105 4474 1136 4523 F.
1150 4472 1182 4525 A.
1196 4473 1282 4526 Wolf.
1317 4472 1361 4523 Cf.
1378 4475 1457 4535 ξολ.

316 4560 390 4609 ‘Hoc
404 4559 426 4608 si
440 4572 591 4623 anonymus
603 4558 748 4618 voluisset,
763 4559 922 4624 scripsisset
936 4557 1053 4609 articulo
1068 4556 1161 4608 addito
1174 4556 1225 4623 τῆς
1236 4552 1351 4617 πόλεως.
1365 4574 1460 4623 qnam—

316 4658 395 4707 qnam
409 4644 477 4693 satis
489 4643 615 4707 inficeto,
630 4658 708 4708 qrrrrm
722 4645 843 4709 proxime
858 4642 1052 4710 antecedatis}
1064 4634 1166 4697 πόλει)
1191 4642 1406 4695 Scheeterus.
