3950 5609
554 584 774 631 onnosuuams
790 588 842 630 oa.
857 584 1022 631 musaeus
1037 586 1204 631 inermen.
1417 564 1456 629 15

309 736 347 801 ἐν
388 736 453 819 μὲν
485 732 549 819 γὰρ
591 736 677 821 cciii
713 733 840 819 γράψαι
876 734 1032 819 μηδένα
1075 730 1183 800 εἶναι
1220 732 1341 817 ἀτελῆ
1378 732 1458 810 τούς

202 836 204 905 i
306 840 447 921 ἔχοντας
461 834 616 919 ἀφείλετο
631 835 694 921 τὴν
709 834 878 919 ἀτέλειαν,
902 838 940 901 ἐν
956 838 992 902 δὲ
1014 841 1060 921 τῷ
1083 835 1331 920 amputauit*
1354 835 1457 920 μηδὲ

202 988 203 995 .
306 936 348 1003 τὰ
374 935 524 1003 λοιπὸν
547 938 701 1015 ἐξεῖναι
722 942 869 1003 δοῦναι
889 935 976 1022 ὑμᾶς
996 936 1034 1003 cd
1050 940 1171 1003 δοῦναι
1187 935 1269 1021 ὑμῖν
1285 937 1420 1015 ἐξεῖναι.
1433 938 1457 977 ¹⁷

307 1144 386 1191 culos
406 1134 548 1209 spoliavit.
576 1152 659 1207 quum
681 1134 857 1191 veroadjicit
882 1133 988 1207 ‘neque
1010 1135 1038 1189 in
1060 1142 1202 1208 posterum
1224 1133 1307 1191 licere
1327 1150 1386 1190 eam
1409 1134 1457 1189 tri·

307 1220 418 1283 buerc‚’
442 1237 491 1275 vos
513 1218 640 1293 spoliavit
661 1218 790 1275 facultate
812 1226 900 1276 vestra
914 1218 1042 1275 (locandi.
1070 1236 1160 1293 neque
1176 1220 1248 1275 onim
1264 1218 1331 1275 illud
1347 1219 1456 1293 quidem

372 1402 416 1469 15)
437 1395 470 1453 τὰ
489 1402 523 1453 X.
546 1428 578 1438 -
600 1402 643 1453 De
667 1403 763 1453 ordine
787 1402 932 1455 verborum
954 1404 1150 1467 proximorum,
1176 1403 1206 1451 in
1229 1402 1327 1467 quibus
1350 1400 1457 1452 LaurS²

307 1481 374 1555 μηδ’
394 1482 464 1551 ἕνα,
487 1488 562 1538 infra
585 1489 688 1553 passim
711 1487 820 1539 variato
842 1487 897 1538 vid.
917 1486 952 1537 ad
971 1488 997 1548 ξ.
1016 1489 1075 1540 127.
1144 1486 1187 1552 16)
1209 1481 1377 1552 προγράψαι
1397 1486 1456 1537 cod.

309 1574 410 1623 nterii
429 1590 458 1639 p.
472 1574 530 1623 553.
550 1599 583 1607 -
603 1572 657 1623 Oit.
671 1574 802 1639 Hermog.
822 1574 938 1638 pp.162.
955 1574 1012 1622 155.
1083 1570 1125 1636 l'l)
1145 1572 1191 1621 ‘ln
1209 1572 1310 1623 Aldine
1329 1574 1370 1622 sic
1387 1571 1456 1637 legi-

311 1666 359 1709 tur:
386 1652 465 1724 μηδὲ
488 1650 623 1708 colomis
647 1648 756 1720 ἐξεῖναι
775 1650 863 1723 ὑμᾶς,
890 1649 922 1707 τὸ
945 1654 1049 1707 δοῦναι
1070 1646 1141 1720 ὑμῖν
1160 1649 1277 1719 ἐξεῖναι.
1313 1658 1346 1707 In
1364 1662 1457 1706 nostro

308 1760 391 1807 scens,
406 1758 508 1809 nempe
522 1742 574 1792 sicr
588 1736 661 1808 μηδὲ
675 1736 706 1793 τὸ
721 1736 830 1804 ἐξεῖναι
843 1740 959 1793 δοῦναι·
973 1732 1049 1806 ὑμᾶς
1061 1734 1092 1791 τό
1106 1739 1228 1793 δοῦναι)
1249 1741 1456 1808 Obsopoeus.

307 1831 363 1879 Non
381 1829 474 1894 liquet
492 1831 580 1877 utrum
599 1828 627 1875 in
647 1828 705 1877 cius
725 1827 821 1878 codice
835 1828 997 1878 Pannonico
1017 1832 1138 1876 extrema
1155 1826 1242 1877 verba
1259 1818 1331 1893 ὖμῑν
1349 1818 1458 1889 ἐξεῖναι

308 1914 464 1977 abfuerint,
488 1928 525 1962 an
543 1912 706 1978 Obsopoens
729 1913 885 1962 substiterit
907 1913 973 1962 notit
996 1912 1047 1962 art
1069 1910 1209 1975 neglectlt.
1231 1939 1264 1948 -
1290 1906 1364 1977 μηδὲ
1382 1904 1414 1963 τὸ
1432 1915 1457 1963 λ.

307 1992 343 2063 ἕξ.
362 1996 494 2050 δοῦναι
519 1988 596 2063 ὑμᾶς
618 1993 650 2049 τὸ
673 1996 699 2049 ὃ.
718 1986 789 2062 ὑμῖν
812 1989 899 2063 (ἡμῖν
917 1997 1004 2062 Aegl.
1027 2023 1062 2032 -
1083 1988 1160 2061 ὑμᾶς
1181 1997 1237 2046 Par
1253 1996 1399 2049 Thiersoh.
1424 2023 1457 2032 —

306 2076 372 2149 ὑμῖν
395 2088 462 2149 post
483 2074 592 2145 ἐξεῖναι
614 2082 738 2145 posuisse
763 2082 865 2133 dicitnr
883 2082 987 2147 Vindl)
1013 2072 1052 2143 ἔξ.
1069 2082 1129 2132 Fel.
1149 2082 1183 2133 Σ.
1204 2081 1310 2135 LaurS.
1328 2082 1403 2147 vulg.
1424 2110 1456 2117 —

305 2186 332 2234 μ,
352 2162 384 2221 τὸ
404 2169 428 2219 i..
449 2159 490 2230 ἐξ.
508 2165 550 2225 d..
571 2157 649 2233 alpais
674 2182 705 2231 γε
730 2159 761 2217 τὸ
781 2160 885 2219 doinus
903 2168 963 2217 sinc
982 2157 1052 2232 ainis
1070 2158 1178 2229 ἐξεῖναι
1196 2164 1293 2231 Appfr.
1312 2182 1384 2231 quae
1402 2166 1456 2217 dno

306 2253 443 2305 vocabula
463 2251 568 2303 delevit
585 2251 738 2304 HWoltius.
757 2280 790 2288 —
813 2254 890 2303 Inter
908 2253 983 2317 prius
1002 2248 1106 2302 dorisco
1126 2254 1154 2301 et
1170 2242 1248 2316 ὑμᾶς
1264 2250 1342 2301 AldV
1360 2252 1456 2301 distin-

306 2340 357 2402 xit,
376 2343 472 2401 recte,
497 2337 562 2399 quin
580 2352 633 2386 vox
651 2338 780 2401 quiescit.
799 2353 861 2387 nam
881 2328 955 2404 ὑμᾶς
973 2336 1077 2401 pendet
1095 2336 1130 2385 ab
1149 2326 1299 2401 ἀφείλετο,
1322 2352 1378 2387 non
1395 2352 1456 2403 per-

306 2428 373 2476 tinet
398 2424 436 2475 ad
456 2436 649 2489 praegressum
668 2420 785 2483 δοῦναι,
808 2428 839 2471 nt
861 2423 916 2473 iam
935 2420 1097 2487 Obsopoeus
1121 2420 1260 2472 monebat.
1284 2447 1319 2456 -
1342 2421 1457 2473 ‘Deleri

305 2511 423 2575 primum
438 2504 552 2558 δοῦναι.
565 2533 599 2543 -
617 2507 657 2556 Ad
676 2508 791 2573 primum
810 2499 918 2569 ἐξεῖναι
937 2505 1156 2557 subandiendum
1174 2508 1218 2556 est
1236 2522 1250 2556 e
1269 2507 1457 2572 superioribus

305 2587 390 2659 ἀτελῆ
415 2584 513 2643 εἶναι’
541 2590 712 2642 Reiskius.
749 2593 879 2643 Extrema
902 2594 988 2643 verba
1009 2584 1080 2659 ὑμῖν
1103 2582 1211 2655 ἐξεῖναι
1234 2590 1338 2642 delevit
1360 2592 1405 2641 nr.
1424 2592 1456 2641 A.

202 2694 203 2731 Q
306 2678 437 2729 ll'olfius:
462 2678 569 2734 ‘Haec,
588 2677 691 2741 inquit,
711 2692 792 2740 quum
811 2678 880 2727 mire
900 2677 1012 2728 varient
1028 2678 1058 2726 in
1075 2674 1154 2740 Mea,
1175 2677 1341 2727 tutissimum
1360 2678 1457 2741 putavi
1513 2690 1519 2697 ·

202 2760 203 2769 ’
307 2770 402 2829 optare
424 2762 575 2813 lectionem
595 2762 629 2811 ab
649 2760 795 2827 Obsopooo
815 2767 843 2813 et
862 2762 959 2814 Wolfio
978 2761 1128 2829 proditam,
1154 2776 1225 2828 quae
1243 2765 1301 2812 tum
1318 2761 1388 2811 nihil
1406 2761 1455 2811 ha-

306 2849 352 2899 bet
371 2851 407 2899 ab
428 2847 548 2897 oratoris
566 2852 658 2897 mente
678 2846 813 2911 alienum,
837 2846 919 2907 nihil,
939 2847 1010 2912 qnod
1027 2862 1082 2899 non
1101 2846 1169 2897 alibi
1186 2852 1287 2912 postca
1304 2851 1455 2912 repetatur,

203 2934 204 2977 l
307 2942 360 2983 tum
379 2934 525 2984 suavitate
545 2933 743 2983 concinnitatis
762 2934 870 2998 placet,
889 2938 946 2983 tum
959 2932 1072 2997 linguae
1086 2932 1261 2997 legibusnon
1274 2930 1454 2984 adversatur.’

309 3046 336 3054 -
354 3020 391 3069 At
412 3016 556 3068 latendum
575 3022 617 3066 est
634 3008 705 3081 ὑμῖν
723 3012 832 3081 ἐξεῖναι
852 3022 880 3068 et
898 3018 977 3067 bonis
996 3017 1077 3066 libris
1095 3033 1126 3067 se
1146 3018 1218 3067 tueri
1236 3022 1264 3068 et
1282 3023 1353 3068 teste
1373 3018 1455 3068 etiam

307 3103 447 3154 Demetrio
466 3102 589 3161 Eloc..§.
609 3104 658 3152 246
677 3099 722 3166 (=
738 3104 790 3153 Rh.
809 3104 841 3154 Τ.
860 3102 898 3152 lX
917 3119 942 3167 p.
963 3104 1012 3152 109
1030 3102 1098 3165 W.),
1119 3102 1234 3168 quitali
1252 3103 1331 3153 modo
1350 3103 1456 3168 scripta

307 3189 375 3239 haec
398 3187 500 3238 laudat
521 3202 570 3253 pro
595 3188 718 3253 exemplo
742 3180 905 3254 decedentes
924 3204 938 3237 e
957 3187 1090 3237 scabritie
1109 3191 1138 3236 et
1156 3188 1308 3252 asperitate
1326 3202 1455 3237 sonorum

308 3272 359 3339 [τῷ
384 3264 580 3337 δυςφθόγγῳ)
604 3272 729 3323 orientis.
770 3272 837 3339 Mihi
861 3278 953 3322 tamen
977 3273 1096 3323 nondum
1118 3272 1201 3336 plane
1224 3287 1386 3337 persuasum
1413 3277 1456 3321 ost

308 3360 376 3409 liano
390 3357 588 3409 Demosthenis
607 3372 669 3407 osse
687 3372 805 3407 manuam.
837 3358 874 3408 Ut
892 3360 1017 3407 omittam
1035 3356 1130 3406 durius
1149 3357 1184 3407 ad
1203 3348 1311 3420 ἐξεῖναι
1331 3356 1456 3423 pertrahi

205 3449 210 3515 '¹
308 3437 382 3495 εἶναι
401 3436 503 3507 ἀτελῆ,
522 3442 633 3506 ineptus
651 3442 759 3492 videtur
778 3444 837 3507 ipse
857 3443 1002 3500 circuitus,
1024 3444 1070 3506 qni
1088 3447 1131 3493 est
1149 3443 1178 3491 in
1195 3442 1288 3492 verbis
1301 3436 1333 3492 τὸ
1347 3436 1455 3506 ἐξεῖναι

307 3520 374 3592 ὑμῖν
387 3525 507 3589 δοῦναι,
528 3526 636 3592 quando
656 3527 822 3593 simpliciter
834 3522 865 3578 τὸ
879 3525 982 3578 δοῦναι
995 3532 1127 3593 potuerat
1139 3526 1195 3577 dici
1206 3534 1322 3591 potestus
1334 3528 1455 3583 donandi,

205 3668 206 3671 Ἴ
309 3617 337 3663 ut
349 3619 392 3663 est
404 3606 436 3662 τὰ
453 3609 540 3674 τιμᾶν
557 3629 582 3677 p.
594 3614 661 3675 493,
675 3615 707 3661 16
725 3612 836 3677 alisque
849 3612 876 3662 id
890 3628 976 3677 genus
991 3612 1067 3664 alibi.
1102 3612 1209 3663 Deinde
1222 3614 1247 3661 si
1260 3612 1305 3661 cui
1317 3613 1455 3677 scriptura

205 3706 206 3745 t
309 3704 401 3748 nostra
418 3697 547 3747 videatur
565 3697 765 3761 immodestior,
785 3713 866 3761 quam
885 3712 940 3762 qna
958 3698 1092 3763 Leptines
1111 3698 1139 3747 in
1157 3698 1220 3762 ipsa
1232 3697 1376 3762 rogatione
1389 3712 1455 3747 nans

205 3800 206 3822 ι
309 3782 381 3831 credi
405 3782 507 3847 possit,
531 3782 604 3832 haurd
624 3782 738 3832 multum
763 3798 795 3832 ea
818 3781 954 3831 dubitatio
977 3781 1081 3835 valeat.
1116 3783 1231 3833 Prorsus
1254 3783 1306 3845 sic,
1330 3786 1361 3831 ut
1384 3782 1453 3839 dedi,

308 3884 333 3931 p.
351 3868 413 3930 506,
439 3869 464 3919 8.
510 3866 550 3915 Ac
572 3882 607 3917 no
635 3867 696 3931 quis
720 3868 854 3917 Demetrii
883 3868 1078 3917 alletoritatem
1104 3867 1172 3917 mihi
1201 3871 1334 3934 opponat,
1366 3866 1455 3915 adhuc

309 3952 340 3999 sle
363 3952 416 4001 hac
444 3952 507 4017 ipsa
530 3952 654 4001 nonnihil
684 3950 834 4002 addubito.'
860 3976 887 3986 -
921 3946 1009 4017 ‘padi
1037 3945 1068 4003 τὸ
1097 3946 1199 4004 λοιπὸν
1222 3945 1330 4015 ἐξεῖναι
1352 3949 1454 4003 δοῦναι

311 4028 380 4101 ὑμᾶς
398 4030 428 4087 τὸ
448 4032 553 4087 δοῦναι
572 4026 642 4102 ὑμῖν
661 4028 768 4099 ἐξεῖναι
791 4036 908 4087 Beklrer.
933 4038 1086 4088 verissime.
1110 4039 1165 4088 vim
1190 4038 1262 4088 enirn
1285 4036 1371 4086 habet
1393 4036 1455 4100 ipsa

310 4120 377 4173 lraec
396 4119 545 4187 repetitio.’
570 4120 791 4172 Schaelerns.
828 4122 922 4187 Nuper
939 4122 1098 4173 Dindorfius
1115 4113 1186 4187 ripis
1204 4114 1453 4184 iteramnensis.

311 4206 466 4267 ‘Odeudes,
495 4206 519 4255 si
542 4204 679 4255 vocalium
704 4221 864 4257 concursum
887 4210 1011 4271 spectas,
1040 4209 1069 4257 in
1092 4206 1196 4258 δοῦναι
1218 4198 1289 4273 ὑμῖν
1312 4212 1341 4255 ct
1357 4206 1403 4255 Fr.
1422 4206 1454 4259 A.

312 4289 423 4341 Woltins
447 4292 533 4341 verba
556 4290 670 4342 delevit.
705 4292 741 4341 At
764 4291 792 4341 id
815 4292 903 4355 ipsum
922 4292 1008 4341 etiam
1027 4294 1110 4342 iniis
1133 4308 1202 4356 quae
1225 4292 1249 4351 §-
1267 4292 1284 4339 4
1302 4294 1455 4354 sequuntur

310 4366 501 4450 ἀφαιρήσεται
525 4366 555 4425 τὰ
579 4374 697 4440 κυρίους
720 4368 796 4441 ἡμᾶς
819 4368 909 4439 εἶναι,
936 4380 1018 4441 urget
1040 4381 1146 4440 orator,
1174 4376 1246 4442 quod
1269 4376 1384 4439 exlege
1404 4375 1454 4425 illa

311 4458 524 4511 Atheniensibus
546 4475 600 4509 uon
624 4460 741 4525 amplius
765 4464 889 4525 potestas
912 4462 950 4509 sit
972 4460 1108 4524 «londinii,
1132 4462 1162 4511 in
1180 4476 1232 4525 qno
1251 4475 1305 4509 non
1324 4465 1455 4525 poterant

311 4559 363 4593 aon
379 4545 588 4595 Atheniensium
612 4545 696 4595 animi
720 4548 838 4597 maximo
863 4544 1013 4597 offendere.
1054 4546 1085 4595 st
1108 4546 1194 4609 igitur
1216 4544 1280 4610 qnid
1298 4544 1452 4605 delendum,

312 4628 397 4693 potius
420 4644 481 4679 cum
501 4629 616 4679 Reislrio
634 4628 762 4681 Aldinam
786 4634 880 4679 secuto
902 4632 979 4695 prine
1003 4630 1107 4683 δοῦναι
1130 4636 1206 4680 osset
1226 4629 1381 4681 delendum.
1417 4632 1453 4679 At
