3950 5609
569 612 789 655 nunosrnmns
807 612 854 655 on.
871 610 1036 655 norrenses
1051 612 1219 655 oserrumr.
1428 586 1467 653 i'i

320 759 384 845 μὲν
405 758 494 844 ydpt
516 761 550 838 ἐξ
566 757 669 845 ἀρχῆς
683 761 733 825 τι7
754 756 819 845 μήθ
841 760 962 826 δοῦναι
978 758 1096 845 γνωμῃ
1111 759 1331 844 χρησαμένων
1346 760 1493 843 ἔργονδο

320 859 517 947 ἀνθρώπων
526 862 549 903 ¹⁰
562 862 672 944 ἐστι’,ΙΙ
685 858 723 926 τό
736 860 772 926 δὲ
785 859 864 939 rode
877 865 1014 946 ἔχοντας
1026 859 1245 946 ἀφαιρεῖσθαι
1255 861 1279 901 ¹²
1289 860 1466 945 φθονούν-

319 988 401 1029 των.
438 969 539 1029 τοῦτο
555 963 588 1029 δ’
604 960 682 1029 οό13
697 963 780 1028 dei¹⁴
806 966 922 1029 δοκιϊν
942 961 1029 1048 ὑμᾶς
1048 964 1266 1029 πεπονθέναι.
1313 964 1384 1050 (57)
1401 962 1467 1027 Καὶ

319 1062 388 1151 μὴν
403 1062 480 1132 οὐδ’
498 1064 602 1131 ἐκεῖν’
616 1063 749 1151 ὀκνήσω
767 1066 844 1149 περὶ
857 1070 914 1151 τῆς
926 1063 1020 1143 ἀξίας
1035 1063 1139 1149 αὐτῆς
1150 1062 1234 1149 πρός
1248 1061 1333 1148 ὑμᾶς
1347 1066 1465 1129 εἰπεῖν.

321 1166 389 1251 ἐγώ
406 1164 471 1253 γὰρ
494 1166 536 1233 οὐ
557 1166 618 1233 τόν
639 1164 744 1233 αὐτόν
765 1168 892 1253 τρόπον
913 1172 1035 1252 νομίζω
1056 1168 1153 1232 πόλει
1174 1164 1234 1233 τόν
1255 1164 1368 1245 όὶξιον1
1395 1166 1466 1243 ἑξε-

319 1271 462 1335 ταστέον
478 1265 564 1335 εἶναι
580 1270 635 1335 καὶ
653 1269 780 1355 ι’διότῃ.
816 1266 896 1335 οὐδὲ
918 1268 981 1353 γὰρ
997 1272 1159 1352 περὶτῶν
1174 1265 1322 1352 αότῶνὴ
1338 1269 1464 1345 σκέψις.
1480 1292 1505 1331 ro

320 1373 392 1458 ι’δίᾳ
407 1372 470 1457 μὲν
484 1368 567 1455 yo'rp²
583 1372 721 1448 ἕκαστος
734 1368 849 1456 ἡμῶν3
865 1372 1013 1455 σκοπεῑ,*
1029 1374 1078 1448 τίς
1092 1367 1183 1448 ἄξιός
1198 1372 1302 1453 ἐστιν,
1323 1369 1465 1435 ἑκάστου

319 1470 485 1559 κηδεστὴς
505 1470 610 1558 ἧττόν
624 1473 788 1539 τοιούτων
803 1474 855 1539 τιό*
874 1476 1069 1557 γίγνεσθαι,
1091 1478 1196 1539 ταῦτα
1218 1471 1253 1538 δὲ
1275 1472 1331 1537 καὶ
1350 1471 1466 1556 νόμοις

318 1576 388 1640 τισὶ
415 1574 470 1639 καὶ
497 1574 608 1653 δόξαις
634 1574 808 1660 διώρισται
816 1624 825 1659 ,
854 1580 950 1659 κοινῇ
969 1573 1009 1640 δ’
1019 1579 1031 1615 “
1055 1573 1075 1661 ἡ
1096 1576 1193 1652 πόλις
1213 1576 1268 1640 καὶ
1290 1569 1328 1641 67
1350 1576 1464 1659 δῆμος,

319 1676 409 1753 όςτις
430 1675 474 1742 ἂν
494 1674 619 1743 αὐτόν8
640 1668 679 1743 εὖ
700 1683 780 1763 ποιῇ
804 1680 859 1744 καὶ
880 1676 999 1763 adipe
1043 1682 1143 1743 rorico
1168 1676 1201 1741 d'
1228 1673 1271 1743 οό
1294 1676 1385 1759 γένει
1409 1677 1465 1740 καὶ
1480 1698 1504 1737 ιι

320 1875 433 1929 omnino
464 1873 565 1947 atiquid
596 1892 650 1930 non
682 1874 801 1931 tribuere
827 1873 1001 1948 prudentium
1027 1868 1165 1929 tromimim
1193 1882 1248 1935 est.
1279 1880 1306 1929 ot
1333 1871 1464 1929 trabentes

321 1959 454 2033 spoiiure.
486 1958 671 2015 invidentium.
722 1976 801 2033 quom
832 1962 987 2033 opinionem
1016 1978 1029 2014 a
1056 1959 1132 2014 vobis
1154 1968 1269 2015 umorum
1291 1975 1353 2015 esse
1374 1958 1462 2013 decet.

321 2044 393 2115 (57.)
419 2044 559 2101 Praetereo
582 2044 614 2099 de
636 2045 736 2100 iudicio
757 2047 843 2119 ipsius
864 2046 1005 2117 dignitatis
1027 2060 1116 2117 neque
1137 2044 1202 2099 iilud
1224 2044 1295 2118 opud
1310 2061 1358 2099 ros
1373 2043 1463 2099 dicere

321 2128 449 2189 verebor.
473 2144 526 2185 non
549 2130 660 2185 eandem
682 2131 741 2185 eius
756 2147 816 2185 esse
833 2131 1022 2203 quaestionem
1039 2130 1274 2202 apudcivitatem,
1297 2128 1376 2183 otiam
1391 2127 1463 2201 apud

322 2213 458 2270 hominem
485 2216 627 2288 privatum.
665 2231 754 2288 neque
782 2216 853 2270 enim
881 2215 913 2270 de
935 2214 1031 2269 iisdem
1053 2223 1095 2270 est
1116 2215 1307 2269 consideratio.
1339 2214 1462 2286 privatim

322 2302 392 2354 enim
408 2302 526 2373 quisquc
542 2300 753 2361 consideremus,
770 2302 832 2374 quis
849 2302 884 2355 sit
900 2298 1016 2374 dignus,
1039 2300 1085 2373 qui
1102 2298 1148 2355 fiat
1164 2301 1297 2372 cuiusque
1311 2298 1400 2353 aiiinis
1416 2305 1464 2351 aut

320 2384 352 2440 od
368 2384 435 2440 aiios
451 2385 668 2441 necessitudines
683 2384 850 2458 deligendus.
873 2402 942 2457 quae
960 2401 1005 2440 res
1020 2393 1048 2439 et
1062 2384 1169 2456 tegibus
1186 2383 1346 2457 quibusdam
1361 2392 1389 2437 et
1404 2384 1463 2456 opi·

320 2468 449 2525 oionihus
471 2468 596 2527 dciinitoe
617 2479 695 2533 sunt,
727 2470 833 2543 publice
850 2486 912 2525 vero
929 2472 1022 2525 civitas
1043 2479 1071 2525 et
1087 2468 1205 2543 populus
1221 2486 1282 2524 eum
1298 2468 1462 2527 considerat.

318 2572 332 2609 a
350 2572 517 2629 quocunque
533 2554 669 2611 beneficiis
685 2554 801 2612 officitur
816 2564 843 2611 et
859 2564 1043 2611 conservetur.
1066 2554 1099 2609 de
1114 2572 1147 2609 eo
1163 2563 1253 2610 nutem
1269 2571 1323 2610 non
1336 2571 1351 2608 e
1364 2570 1463 2626 genere

318 2772 434 2839 scindre*
448 2772 493 2825 Fr.
507 2772 537 2823 A.
551 2772 635 2823 Wolf.
656 2778 731 2823 recte
750 2774 842 2839 posuit
860 2772 967 2839 signum
987 2772 1223 2837 interrogationis.
1257 2770 1319 2823 vid.
1337 2768 1380 2837 [de
1401 2762 1463 2820 rito

319 2858 373 2909 hoc
392 2854 452 2921 usu]
473 2874 499 2922 p.
517 2858 575 2917 473,
597 2860 627 2907 12
645 2874 685 2922 sq.
704 2875 730 2924 p.
748 2860 806 2921 475,
828 2860 856 2907 11
878 2856 933 2923 sq)
962 2858 1177 2908 Schoeferus.
1212 2857 1282 2907 Item
1300 2856 1385 2908 nidv.
1421 2856 1463 2905 De

321 2936 421 2994 ἔπειτα
441 2941 496 2992 rid.
515 2942 608 3008 Viger.
628 2958 653 3007 p.
667 2945 717 2991 395
730 2958 789 3007 sqq.
802 2943 869 3007 ibiq.
884 2942 944 2994 edd.
1014 2943 1040 3005 6)
1059 2934 1113 3009 γὰρ
1132 2944 1203 2992 inter
1221 2942 1269 2993 nn.
1289 2940 1341 2990 add
1360 2939 1462 2990 LaurS.
1509 3001 1513 3014 ¹

320 3030 346 3091 ’1)
366 3026 397 3078 τί
412 3024 532 3079 Fano.
551 3026 648 3077 vinos.
718 3027 745 3089 8)
765 3020 798 3078 οδ
818 3027 903 3079 codex
923 3028 1025 3093 uliquis
1043 3027 1179 3086 sennen,
1200 3042 1251 3075 non
1269 3025 1303 3077 Σ.
1338 3026 1399 3075 Non
1417 3025 1464 3074 de·

321 3113 426 3163 bebant
444 3110 520 3161 illem
539 3112 713 3177 negotionem
732 3112 897 3163 Turirenses
920 3116 1053 3177 recipere.
1089 3112 1121 3161 In
1138 3110 1216 3161 Atdv
1233 3107 1272 3175 pr}
1295 3114 1339 3159 est
1355 3109 1464 3175 punctis

321 3203 454 3248 notatum.
524 3190 774 3263 9)1ργωννῑιιοι.
850 3198 893 3263 10)
912 3186 998 3263 drop.
1018 3192 1101 3262 ἔργον
1117 3213 1140 3246 r.
1160 3194 1254 3244 Vindt.
1326 3192 1369 3257 11)
1388 3186 1464 3245 ἐστιν

323 3274 379 3346 ιρι.
400 3272 487 3345 drop.
505 3280 617 3335 drusun.
640 3282 690 3334 nn.
715 3282 747 3331 r.
767 3282 804 3331 ix
829 3298 853 3347 p.
872 3284 922 3333 uos
942 3281 1053 3332 nanu.
1124 3281 1166 3343 ιι)
1185 3271 1348 3345 &perronae
1366 3278 1463 3329 unsu-

321 3368 379 3422 des.
451 3367 492 3429 13)
511 3357 575 3432 οόχὶ
593 3366 695 3418 LourS.
714 3365 788 3432 vulg.
807 3392 840 3403 -
861 3356 895 3417 οό
914 3366 948 3417 Σ.
1021 3364 1062 3429 14)
1081 3362 1131 3415 δεῖ
1145 3379 1187 3414 om
1206 3380 1227 3417 r.
1246 3364 1343 3415 vindi.

389 3464 438 3525 57.
475 3468 499 3529 1)
525 3460 591 3519 ”τόν
613 3456 697 3531 ἄξιον
718 3461 807 3520 ’πόλει
831 3484 890 3518 cum
914 3469 957 3519 his
980 3467 1085 3519 ordinis
1106 3466 1271 3516 restituendi
1293 3464 1404 3516 lineolis
1427 3465 1462 3519 Σ.

321 3554 415 3605 Etiam
437 3552 465 3603 in
485 3554 579 3604 LourS
598 3550 631 3618 τῇ
655 3552 711 3615 (sic
735 3569 796 3603 oum
821 3552 953 3615 articulo)
978 3547 1058 3605 πόλει
1080 3552 1278 3617 transpositum
1301 3556 1356 3615 est,
1387 3556 1463 3600 onte

322 3637 435 3702 νομίζω.
516 3636 542 3701 2)
567 3630 620 3705 γάρ
643 3655 685 3689 om
709 3638 743 3691 X.
822 3638 848 3699 3)
872 3630 952 3703 ὑμῶν
974 3656 997 3689 ο.
1020 3637 1118 3690 Vindt.
1196 3631 1225 3699 tt)
1253 3640 1370 3687 σκοπεῖν
1396 3634 1461 3688 Mol.

321 3726 347 3785 ὃ)
366 3721 396 3773 τί
413 3721 473 3773 nlo.
492 3723 552 3773 Fer.
571 3723 667 3777 Vindl.
681 3750 712 3759 -
731 3740 774 3775 om
791 3722 861 3786 nial,
879 3724 952 3773 inter
970 3711 988 3789 τ’)
1007 3728 1036 3773 et
1052 3720 1109 3773 τοῖν
1126 3720 1179 3771 odd
1197 3720 1253 3770 Chr
1269 3719 1306 3771 τί.
1324 3747 1357 3755 -
1376 3720 1464 3786 Super

322 3824 348 3859 τι
367 3809 477 3873 punctis
497 3808 691 3857 circumdatum
710 3810 847 3858 recentior
865 3810 977 3875 scripsit
995 3804 1183 3873 compendium
1195 3804 1250 3856 τῶν
1263 3805 1297 3859 Σ.
1352 3806 1394 3873 ¹it)
1414 3802 1464 3857 καὶ

322 3882 370 3959 ἥδ’
390 3892 488 3941 Vindl.
558 3894 584 3955 7>
602 3883 650 3944 ὁὸ
675 3894 750 3958 prius
772 3894 800 3943 in
824 3892 891 3955 fine,
916 3892 1032 3944 alterum
1050 3892 1130 3943 initio
1148 3892 1241 3942 lineae
1258 3889 1299 3944 Ω.
1367 3890 1395 3956 8)
1414 3881 1463 3943 αὖ·

322 3974 480 4029 cdeekk.
517 3977 590 4028 ‘Non
614 3975 727 4030 imiter.’
759 3978 975 4032 Schseferns.
1011 3976 1083 4028 ltlud
1106 3994 1121 4027 e
1144 3977 1247 4027 Latina
1264 3976 1463 4027 Grammatico.

323 4060 371 4125 (Π.
392 4060 501 4125 Viudl).
571 4060 597 4127 9)
617 4054 697 4123 σώζοι
714 4061 739 4116 Ιι.
777 4062 857 4112 ‘Post
875 4061 945 4128 σιόζῃ
963 4062 1124 4113 subauditur
1143 4056 1170 4113 rt
1187 4050 1269 4124 ἄξιόν
1287 4053 1345 4112 ἐστι
1362 4060 1464 4112 τοῦτον

322 4136 477 4211 ἀντιτιμᾶν
489 4144 538 4198 καὶ
551 4139 742 4200 ἀντευποιεῖν.
770 4148 807 4197 Et
819 4164 916 4198 vereor
928 4149 1067 4214 proiecto,
1086 4164 1120 4197 ne
1134 4147 1191 4197 talc
1205 4147 1270 4212 quid
1281 4145 1462 4196 desideretur.

323 4232 431 4283 Privati
450 4231 639 4291 considerant,
659 4248 722 4283 num
741 4232 801 4296 quis
814 4233 912 4299 dignus
925 4233 962 4283 sit
975 4249 1061 4299 gener
1074 4234 1115 4294 (ut
1125 4231 1177 4281 hoc
1190 4232 1263 4295 nter)
1279 4237 1325 4281 out
1337 4246 1402 4281 snus
1416 4237 1464 4281 ent

324 4318 397 4367 alius
421 4318 595 4382 cuiusquam,
621 4322 670 4367 cut
693 4318 824 4368 eiusmodi
847 4318 913 4381 quid
937 4318 1010 4382 tieri3
1038 4318 1136 4368 cirritos
1160 4322 1251 4367 autem
1274 4317 1374 4382 dignus
1399 4333 1463 4367 num

324 4403 384 4468 quis
402 4402 439 4452 sit
457 4408 600 4467 spectans,
620 4402 672 4453 lion
691 4410 811 4468 spectat,
831 4419 893 4453 num
913 4404 985 4468 quis.
1006 4420 1022 4452 a
1041 4418 1092 4467 quo
1109 4403 1148 4451 sit
1160 4406 1258 4451 ornata
1271 4407 1300 4451 et
1312 4418 1327 4449 o
1340 4402 1463 4467 periculo

324 4493 444 4551 servate,
463 4486 561 4552 dignus
579 4488 625 4552 sit,
644 4504 721 4553 quem
741 4488 888 4539 honoribus
908 4492 936 4538 et
952 4488 1083 4553 praemiis
1101 4492 1295 4536 remuneretur.
1330 4487 1381 4537 Vei
1400 4488 1464 4538 rub-

326 4572 434 4623 onditnr
457 4573 548 4637 potins
572 4571 674 4626 τοῦτον
696 4563 780 4636 ἄξιον
807 4564 910 4639 ἕαντής
939 4572 1044 4639 κρίνει,
1074 4572 1146 4622 hono
1169 4586 1199 4621 se
1221 4571 1333 4637 dignum
1357 4578 1461 4635 censet,

325 4657 350 4715 li.
369 4674 392 4714 e.
415 4657 540 4724 dignum,
569 4659 614 4724 qni
639 4674 703 4711 suns
726 4666 870 4723 erergctu.
899 4658 1050 4725 sospitator
1075 4654 1256 4724 uppciintnr.²
1292 4658 1462 4714 Reiskins.
