3950 5609
566 594 786 640 cancerauma
802 595 851 640 oa.
868 596 1031 642 anvnaaue
1046 599 1213 644 uurrmnu.
1400 580 1461 650 149

313 744 408 810 ἐστὶν
423 746 598 831 δεδομένη.
640 744 699 809 ἵνα
720 742 753 809 d’
778 745 904 832 εἰδῆτε,
935 741 989 812 ὅτι
1009 750 1116 813 ταῦτα
1140 751 1265 815 τοῦτον
1288 751 1374 836 Exest
1400 749 1460 817 τὸν

312 845 457 929 τρόπον,
484 848 570 930 λαβέ
573 848 586 889 ⁸
606 869 664 932 μοι
678 849 815 932 πρῶτον
828 847 892 933 μὲν
906 852 966 933 τῆς
980 849 1104 936 στήλης
1117 847 1366 938 τνέντίγρνφα,9
1388 847 1460 918 εἶτα

216 979 227 990 ·
311 944 376 1034 τήν
391 944 502 1034 ἀρχήν
515 951 578 1014 τοῦ
592 948 702 1034 νόμον
716 953 779 1014 τοῦ
794 951 977 1016 Λεπτίνου.
1023 952 1121 1035 Λέγε.
1404 959 1406 968 '

666 1172 904 1226 ΑΝΊἾΓΡΑΦΑ1
926 1175 1103 1228 turim.
1471 1183 1497 1226 25

398 1330 470 1390 128.
511 1321 665 1391 Ἀκούετε
689 1328 759 1390 τῶν
785 1319 1007 1411 ἀντιγράφων
1032 1329 1091 1410 τῆς
1115 1326 1255 1414 στήλης,
1288 1318 1459 1412 ὦᾶνδρες

310 1571 402 1628 neque
423 1553 495 1610 enim
511 1554 710 1612 hiasecrorum
725 1556 835 1630 quidem
851 1554 1008 1610 immunitas
1023 1554 1085 1614 dota
1107 1564 1160 1613 est.
1203 1555 1237 1615 Ut
1259 1563 1350 1614 autern
1365 1558 1458 1614 scintis

310 1639 377 1695 hacc
399 1640 437 1696 ito
456 1656 487 1696 se
508 1639 623 1702 hebere,
645 1658 712 1715 cepe
733 1642 798 1699 mihi
819 1641 937 1716 primum
959 1640 1082 1716 exempla
1098 1647 1220 1706 statuae.
1243 1641 1341 1700 deinde
1356 1643 1458 1717 princi·

309 1725 385 1798 pium
400 1724 471 1798 legis
485 1725 642 1799 Leptinenc.
686 1727 788 1784 Recita.

397 1809 468 1867 128.
510 1811 634 1878 Auditis,
674 1812 872 1873 Athenienses.
915 1811 1038 1887 exempla
1077 1819 1201 1876 statuae.
1241 1829 1289 1870 eor
1324 1815 1457 1871 immunes

308 2085 371 2132 tent
392 2095 441 2146 pro
465 2079 584 2148 simplici
606 2080 647 2146 rt,
671 2097 763 2150 quare,
787 2098 837 2148 qua
854 2082 887 2133 dr
904 2083 1003 2132 cauea?
1036 2080 1075 2132 Ut
1091 2080 1228 2132 Ktiaterue
1247 2081 1283 2134 ad
1300 2081 1374 2135 Plut.
1392 2080 1411 2134 1.
1430 2099 1455 2135 c.

308 2166 443 2216 Lambert
463 2165 526 2216 Boe.
550 2165 587 2216 ad
604 2165 717 2232 Scriptt
741 2166 787 2220 Gr.
809 2183 855 2233 pp.
873 2167 906 2216 97
925 2170 955 2217 et
972 2167 1036 2231 192,
1060 2169 1089 2217 et
1112 2165 1170 2217 alii.
1209 2165 1340 2218 Reiakius
1364 2170 1456 2220 antem

308 2248 344 2300 ad
362 2266 390 2315 p.
402 2253 466 2313 850,
485 2253 517 2301 21
536 2240 668 2315 altarum,
686 2250 716 2302 τί
732 2242 849 2316 μαθών,
868 2249 957 2302 altero
975 2249 1119 2302 contendit
1135 2252 1225 2318 magia
1244 2267 1306 2302 enac
1324 2251 1455 2306 Atticum.

307 2335 426 2401 Propius
444 2334 481 2384 ad
499 2337 644 2387 veritatem
663 2335 774 2387 accedit
785 2337 896 2387 Biaetna
914 2335 950 2386 ad
961 2335 1053 2387 Nubh.
1066 2334 1084 2390 l.
1098 2351 1123 2389 c.
1136 2339 1165 2386 et
1176 2329 1290 2388 Wolfiuc
1303 2334 1377 2387 adh.
1391 2335 1410 2390 l·
1422 2363 1456 2373 -

308 2418 339 2470 τί
354 2413 462 2472 παθῶν
481 2417 575 2487 [ctiam
594 2419 626 2472 τί
640 2417 690 2473 καὶ
707 2412 793 2472 ποῖόν
809 2437 837 2472 τι
854 2413 1010 2480 πεπονθώς
1026 2419 1099 2471 Plet.
1118 2420 1205 2487 Legg.
1224 2421 1279 2472 VH
1295 2437 1323 2488 p.
1340 2423 1392 2473 810
1408 2419 1455 2490 D.]

308 2506 420 2556 omnino
439 2510 482 2556 eet
500 2522 607 2573 quonam
623 2522 653 2557 re
671 2507 799 2572 effectur?
821 2523 870 2574 quo
888 2522 961 2566 curu,
980 2505 1070 2572 quidun
1087 2507 1244 2571 intemperir'e
1261 2507 1390 2572 epitatus?
1414 2505 1456 2574 put

304 2595 348 2658 fit,
371 2593 417 2641 ut?
441 2595 470 2642 et
487 2589 571 2656 piane
590 2589 625 2641 ad
642 2582 741 2651 πάθος
765 2590 915 2657 quoddam,
939 2590 1012 2656 quod
1037 2594 1086 2642 ant
1106 2589 1233 2643 volentes
1257 2595 1306 2642 ant
1328 2589 1455 2644 nolentes

307 2677 442 2741 patimur,
466 2677 596 2741 pertinet.
633 2674 738 2726 Contra
754 2675 784 2727 τί
799 2669 919 2740 μαθών,
942 2690 976 2726 nc
999 2673 1045 2730 hic
1070 2661 1177 2742 quidem
1196 2675 1348 2730 obitterata
1366 2677 1456 2744 prima

306 2761 387 2812 verbi
399 2763 551 2827 potestate,
571 2761 659 2811 forma
672 2765 715 2811 eet
727 2761 919 2828 exprobrantia
931 2759 1209 2824 inconsiderantiam,
1229 2762 1414 2813 temeritatem
1427 2765 1456 2815 ct

306 2861 424 2914 pravum
449 2841 593 2907 iudicium,
623 2862 657 2897 uc
682 2847 818 2912 pertinet,
846 2849 878 2895 ut
903 2844 1059 2910 Aeschyleo
1084 2845 1169 2898 verbo
1195 2850 1271 2912 utar,
1300 2847 1336 2898 ad
1357 2839 1455 2913 μάθος

307 2931 458 2996 quoddam.
485 2930 556 2997 quod
578 2931 608 2982 in
630 2929 712 2981 nobie
734 2931 889 2982 desiderari
906 2930 1040 2996 patimur,
1067 2931 1193 2996 vertique
1211 2931 1294 2982 debet
1311 2947 1361 2998 quo
1378 2947 1454 2998 orpra-

305 3019 408 3068 nmrto?
434 3018 498 3083 quid
518 3017 637 3068 occutus?
664 3032 714 3083 qua
731 3017 928 3068 ratiocinatione
950 3017 1029 3065 neue?
1064 3015 1142 3078 Quae
1164 3016 1226 3082 ipsa
1243 3016 1287 3067 vie
1304 3015 1387 3082 plane
1406 3015 1454 3068 de·

305 3100 486 3168 prehenditur
507 3103 536 3152 in
558 3106 652 3154 nostro
674 3100 745 3152 ioco.
781 3099 910 3152 Ceterum
932 3101 1097 3152 numerarim
1115 3100 1167 3152 hoc
1185 3099 1215 3152 τί
1230 3092 1336 3166 μαθών
1354 3100 1389 3151 ad
1407 3116 1454 3152 eu·

305 3187 487 3252 phemismum
504 3187 667 3239 Atticorum.
701 3201 765 3237 narn
787 3185 876 3237 colum
898 3200 1008 3236 eentum
1026 3185 1051 3236 ai
1069 3188 1192 3250 spectes,
1217 3200 1302 3252 saepe
1325 3184 1353 3236 id
1375 3185 1454 3240 reddi

305 3274 400 3336 potent
422 3287 469 3322 eur
490 3279 541 3322 tam
561 3276 652 3332 etutte,
675 3279 726 3322 tom
747 3279 841 3323 temere
864 3274 919 3322 etc.
959 3270 997 3320 Et
1013 3263 1151 3335 Aristoph.
1169 3269 1252 3337 Veep.
1271 3271 1321 3320 281
1344 3269 1454 3322 additur

306 3358 392 3406 nram
415 3339 445 3419 ὁ,
456 3347 569 3422 ἀνόητε.
606 3356 649 3412 cr.
668 3355 739 3407 ruit.
758 3357 797 3408 1v
814 3372 841 3422 p.
861 3356 925 3421 141,
943 3357 994 3413 ao.
1020 3354 1126 3421 Aphob.
1143 3355 1187 3406 111
1205 3371 1232 3422 p.
1249 3357 1312 3422 eno,
1330 3359 1356 3408 c.
1391 3353 1453 3406 sue-

305 3441 389 3508 phan.
407 3441 421 3490 1
444 3456 470 3506 p.
489 3443 567 3508 1113,
586 3444 603 3491 4
625 3442 692 3507 ibiq.
711 3440 796 3494 Wolf.
821 3444 850 3492 ct
871 3439 968 3494 Reiak.
1003 3441 1117 3504 Dionys.
1138 3439 1340 3492 H.De'1’hne.
1362 3439 1395 3494 Τ.
1414 3439 1453 3490 v1

305 3542 331 3592 p.
348 3527 410 3576 951.
450 3525 550 3576 Liban.
572 3527 625 3592 Ep.
644 3528 693 3576 241
717 3542 744 3592 p.
764 3527 812 3576 118
832 3522 905 3580 etc)
941 3523 1218 3579 Fanwmtiue.
1265 3523 1354 3578 ‘Adde
1381 3539 1452 3590 quae

290 3610 436 3678 'congessi
464 3610 494 3659 in
522 3610 654 3676 Stephon.
678 3610 762 3662 Thea.
787 3611 839 3662 col.
861 3611 929 3662 5920
949 3609 984 3661 D.
1010 3613 1039 3660 et
1061 3611 1129 3664 7244
1150 3607 1198 3660 Β.’
1236 3607 1452 3664 Schaeierua.

304 3697 457 3748 Hermann.
475 3695 616 3761 Aristoph.
634 3695 724 3750 Nubb.
747 3713 772 3762 p.
791 3695 882 3748 XLVI
903 3710 963 3761 sqq.
1008 3694 1084 3746 Idem
1105 3695 1149 3746 De
1172 3694 1336 3761 quibusdam
1357 3693 1451 3760 Eurip.

304 3780 377 3831 locis
394 3779 534 3830 Troadum
557 3779 651 3846 (Lipe.
670 3779 751 3842 1847)
770 3797 813 3834 va.
830 3782 891 3832 482.
931 3779 1009 3830 Rect.
1028 3781 1070 3830 De
1089 3779 1224 3832 Formatia
1238 3766 1275 3830 '⁴0
1296 3796 1324 3831 τι
1345 3769 1453 3830 παθόν

306 3857 380 3918 ε1”0
397 3881 425 3916 τι
443 3857 549 3931 μαθών
568 3863 693 3929 (Gothae
712 3866 803 3929 1841).
838 3864 942 3916 Contra
959 3864 1126 3916 Turiceneea
1143 3864 1174 3917 τί
1188 3853 1295 3916 παθόν
1310 3863 1372 3920 h.1.
1390 3878 1452 3915 cum

304 3950 465 4002 Hermanno
488 3951 679 4016 praeferentes
702 3951 930 4002 Weatermannua
953 3949 1033 4003 Dior.
1055 3950 1150 4016 Autiq.
1174 3949 1193 4002 1.
1212 3967 1236 4004 c.
1258 3965 1284 4016 p.
1304 3949 1354 4000 '178
1380 3948 1451 4000 bene

304 4034 425 4100 monuit,
448 4040 480 4086 ut
500 4035 557 4085 iam
574 4033 716 4086 AWolfiue
734 4035 905 4100 observavit,
928 4033 959 4087 τί
973 4026 1081 4100 μαθών
1101 4034 1136 4085 ad
1153 4035 1340 4087 temeritatem
1356 4031 1453 4100 Lepti·

305 4120 349 4170 nie
376 4119 550 4171 referendum
577 4133 647 4173 ease.
731 4120 758 4185 7)
778 4115 828 4187 ἔχη
848 4120 883 4170 X.
963 4120 991 4183 8)
1010 4112 1079 4186 λάβε
1096 4119 1201 4172 LaurS.
1223 4119 1296 4185 vulg.
1319 4145 1352 4156 -
1382 4111 1451 4184 1αβ4

304 4203 396 4256 Behk.
422 4201 463 4257 Ω.
492 4203 589 4255 Vindt.
618 4205 656 4259 Π.
682 4203 749 4258 Mel.
777 4207 811 4255 Χ.
857 4206 891 4256 In
918 4205 947 4257 Σ
971 4220 1045 4256 nunc
1072 4209 1115 4258 cat
1141 4202 1210 4272 λαβε
1236 4205 1295 4256 eine
1323 4210 1451 4270 accentu,

305 4291 354 4354 qui
383 4288 504 4340 tortam
534 4305 630 4341 cruens
659 4295 702 4341 eat
730 4305 812 4356 cuper
840 4307 869 4342 cr.
916 4290 979 4341 Vid.
1010 4290 1045 4342 ad
1074 4291 1099 4352 5.
1123 4291 1165 4341 68.
1250 4289 1277 4356 9)
1306 4281 1342 4342 τὰ
1371 4279 1451 4342 ἄντί-

304 4389 405 4440 ponpa
422 4373 495 4427 libri.

373 4470 440 4532 128.
486 4475 512 4541 1)
534 4469 716 4544 ἀντίγραφον
737 4477 823 4544 hugi.
845 4479 871 4532 k.
917 4477 1069 4530 ‘Pluralem
1096 4481 1209 4529 tuentur
1233 4492 1277 4532 vv.
1301 4479 1334 4530 23
1356 4481 1385 4531 ct
1406 4477 1448 4530 26.

304 4561 367 4615 Vid.
390 4563 494 4612 Moeris
517 4565 578 4628 p.'t
605 4563 673 4628 ibiq.
697 4561 800 4614 Piere.’
841 4563 1060 4618 Schneferue.
1110 4563 1310 4630 Inscriptionea
1337 4563 1398 4618 citt.
1419 4563 1449 4615 in

306 4646 441 4713 Stephani
458 4647 542 4700 Thea.
561 4647 608 4699 Gr.
626 4647 720 4702 Didot.
739 4664 762 4702 a.
781 4663 807 4701 v.
