<?xml version="1.0" encoding="UTF-8"?>
<!DOCTYPE html PUBLIC "-//W3C//DTD XHTML 1.0 Transitional//EN"
    "http://www.w3.org/TR/xhtml1/DTD/xhtml1-transitional.dtd">
<html xmlns="http://www.w3.org/1999/xhtml" xml:lang="en" lang="en">
 <head>
  <title>
</title>
<meta http-equiv="Content-Type" content="text/html;charset=utf-8" />
  <meta name='ocr-system' content='tesseract 3.04.00' />
  <meta name='ocr-capabilities' content='ocr_page ocr_carea ocr_par ocr_line ocrx_word'/>
</head>
<body>
  <div class='ocr_page' id='page_1' title='image "./demosthenisorat08demogoog_0071.png"; bbox 0 0 3950 5609; ppageno 0'>
   <div class='ocr_carea' id='block_1_1' title="bbox 526 588 1417 659">
    <p class='ocr_par' dir='ltr' id='par_1_1' title="bbox 526 588 1417 659">
     <span class='ocr_line' id='line_1_1' title="bbox 526 588 1417 659; baseline -0.002 -2"><span class='ocrx_word' id='word_1_1' title='bbox 526 612 747 659; x_wconf 76' lang='lat' dir='ltr'><strong>uruooruuura</strong></span> <span class='ocrx_word' id='word_1_2' title='bbox 762 616 813 659; x_wconf 81' lang='lat' dir='ltr'><strong>oa.</strong></span> <span class='ocrx_word' id='word_1_3' title='bbox 829 614 993 659; x_wconf 76' lang='lat' dir='ltr'><strong>aurursus</strong></span> <span class='ocrx_word' id='word_1_4' title='bbox 1008 614 1177 657; x_wconf 78' lang='lat' dir='ltr'><strong>onerruuu.</strong></span> <span class='ocrx_word' id='word_1_5' title='bbox 1377 588 1417 655; x_wconf 80' lang='lat'><strong>51</strong></span> 
     </span>
    </p>
   </div>
   <div class='ocr_carea' id='block_1_2' title="bbox 267 742 1462 1455">
    <p class='ocr_par' dir='ltr' id='par_1_2' title="bbox 267 742 1462 1455">
     <span class='ocr_line' id='line_1_2' title="bbox 267 742 1420 848; baseline -0.003 -18"><span class='ocrx_word' id='word_1_6' title='bbox 267 761 392 830; x_wconf 85' lang='grc' dir='ltr'><strong><em>ἄλλων</em></strong></span> <span class='ocrx_word' id='word_1_7' title='bbox 419 758 605 845; x_wconf 78' lang='grc' dir='ltr'><em>εὐεργετῶν</em></span> <span class='ocrx_word' id='word_1_8' title='bbox 630 764 754 848; x_wconf 85' lang='grc' dir='ltr'><strong><em>χρόνον</em></strong></span> <span class='ocrx_word' id='word_1_9' title='bbox 780 760 844 827; x_wconf 86' lang='grc' dir='ltr'><strong><em>τιν’</em></strong></span> <span class='ocrx_word' id='word_1_10' title='bbox 871 742 1123 848; x_wconf 60' lang='grc' dir='ltr'><strong><em>ἕκαστορὺμῖνῦ</em></strong></span> <span class='ocrx_word' id='word_1_11' title='bbox 1147 762 1329 848; x_wconf 70' lang='grc' dir='ltr'><strong>χρήσιμοντ</strong></span> <span class='ocrx_word' id='word_1_12' title='bbox 1356 758 1420 826; x_wconf 84' lang='grc' dir='ltr'><strong>αὑ-</strong></span> 
     </span>
     <span class='ocr_line' id='line_1_3' title="bbox 269 856 1420 951; baseline -0.002 -20"><span class='ocrx_word' id='word_1_13' title='bbox 269 863 358 933; x_wconf 55' lang='grc' dir='ltr'><strong><em>τὸν*</em></strong></span> <span class='ocrx_word' id='word_1_14' title='bbox 388 864 569 947; x_wconf 82' lang='grc' dir='ltr'><strong><em>παρέσχεν,</em></strong></span> <span class='ocrx_word' id='word_1_15' title='bbox 610 856 710 942; x_wconf 84' lang='grc' dir='ltr'><strong><em>οὗτος</em></strong></span> <span class='ocrx_word' id='word_1_16' title='bbox 739 864 783 947; x_wconf 85' lang='lat' dir='ltr'><strong>d’,</strong></span> <span class='ocrx_word' id='word_1_17' title='bbox 825 862 868 930; x_wconf 76' lang='lat' dir='ltr'><strong>dv</strong></span> <span class='ocrx_word' id='word_1_18' title='bbox 903 869 1067 949; x_wconf 81' lang='grc' dir='ltr'><strong><em>σκοπῆτε,</em></strong></span> <span class='ocrx_word' id='word_1_19' title='bbox 1103 865 1289 951; x_wconf 79' lang='grc' dir='ltr'><strong><em>φανήσεται</em></strong></span> <span class='ocrx_word' id='word_1_20' title='bbox 1318 881 1420 929; x_wconf 84' lang='grc' dir='ltr'><strong><em>συνε-</em></strong></span> 
     </span>
     <span class='ocr_line' id='line_1_4' title="bbox 274 956 1461 1053; baseline 0 -20"><span class='ocrx_word' id='word_1_21' title='bbox 274 972 346 1053; x_wconf 80' lang='grc' dir='ltr'><strong>χῶς</strong></span> <span class='ocrx_word' id='word_1_22' title='bbox 375 963 478 1051; x_wconf 55' lang='grc' dir='ltr'><strong>ὑμᾶς’*</strong></span> <span class='ocrx_word' id='word_1_23' title='bbox 508 956 548 1030; x_wconf 81' lang='grc' dir='ltr'><strong>εὖ</strong></span> <span class='ocrx_word' id='word_1_24' title='bbox 582 971 708 1047; x_wconf 83' lang='grc' dir='ltr'><strong><em>ποιῶν,</em></strong></span> <span class='ocrx_word' id='word_1_25' title='bbox 744 969 800 1033; x_wconf 80' lang='grc' dir='ltr'><strong>καὶ</strong></span> <span class='ocrx_word' id='word_1_26' title='bbox 830 972 951 1049; x_wconf 83' lang='grc' dir='ltr'><strong><em>ταῦτα,</em></strong></span> <span class='ocrx_word' id='word_1_27' title='bbox 988 958 1073 1033; x_wconf 73' lang='grc' dir='ltr'><strong>ὦν“’</strong></span> <span class='ocrx_word' id='word_1_28' title='bbox 1100 965 1239 1052; x_wconf 77' lang='grc' dir='ltr'><strong><em>μάλισθ’</em></strong></span> <span class='ocrx_word' id='word_1_29' title='bbox 1275 963 1371 1050; x_wconf 81' lang='grc' dir='ltr'><strong><em>ἡμῶν</em></strong></span> <span class='ocrx_word' id='word_1_30' title='bbox 1400 962 1461 1049; x_wconf 73' lang='lat' dir='ltr'><strong>dno</strong></span> 
     </span>
     <span class='ocr_line' id='line_1_5' title="bbox 274 1066 1422 1155; baseline -0.003 -20"><span class='ocrx_word' id='word_1_31' title='bbox 274 1070 408 1147; x_wconf 83' lang='grc' dir='ltr'><strong>πόλιςΗ</strong></span> <span class='ocrx_word' id='word_1_32' title='bbox 425 1070 541 1133; x_wconf 74' lang='grc' dir='ltr'><strong><em>δεῖται.</em></strong></span> <span class='ocrx_word' id='word_1_33' title='bbox 588 1070 659 1155; x_wconf 86' lang='grc'>(31)</span> <span class='ocrx_word' id='word_1_34' title='bbox 683 1072 753 1134; x_wconf 83' lang='grc' dir='ltr'><strong><em>ίστε</em></strong></span> <span class='ocrx_word' id='word_1_35' title='bbox 774 1066 839 1151; x_wconf 79' lang='grc' dir='ltr'><strong>γὰρ</strong></span> <span class='ocrx_word' id='word_1_36' title='bbox 860 1070 971 1154; x_wconf 77' lang='grc' dir='ltr'><strong><em>δήπου</em></strong></span> <span class='ocrx_word' id='word_1_37' title='bbox 991 1066 1104 1151; x_wconf 77' lang='grc' dir='ltr'><strong><em>τοῦθ’,</em></strong></span> <span class='ocrx_word' id='word_1_38' title='bbox 1126 1066 1178 1133; x_wconf 82' lang='grc' dir='ltr'><strong>ὅτι</strong></span> <span class='ocrx_word' id='word_1_39' title='bbox 1193 1071 1338 1153; x_wconf 78' lang='grc' dir='ltr'><strong><em>πλείστῳ</em></strong></span> <span class='ocrx_word' id='word_1_40' title='bbox 1352 1070 1422 1132; x_wconf 79' lang='grc' dir='ltr'><strong>τῶν</strong></span> 
     </span>
     <span class='ocr_line' id='line_1_6' title="bbox 273 1165 1423 1259; baseline -0.006 -20"><span class='ocrx_word' id='word_1_41' title='bbox 273 1171 434 1239; x_wconf 75' lang='grc' dir='ltr'><strong>πάντωνι</strong></span> <span class='ocrx_word' id='word_1_42' title='bbox 465 1166 660 1253; x_wconf 70' lang='grc' dir='ltr'><strong><em>ἀνθρώπων</em></strong></span> <span class='ocrx_word' id='word_1_43' title='bbox 687 1168 783 1255; x_wconf 79' lang='grc' dir='ltr'><em>ἡμεῖς</em></span> <span class='ocrx_word' id='word_1_44' title='bbox 808 1170 989 1259; x_wconf 80' lang='grc' dir='ltr'><strong><em>ἐπειςάκτῳ</em></strong></span> <span class='ocrx_word' id='word_1_45' title='bbox 1016 1174 1098 1258; x_wconf 82' lang='grc' dir='ltr'><strong><em>σίτῳ</em></strong></span> <span class='ocrx_word' id='word_1_46' title='bbox 1123 1166 1291 1255; x_wconf 69' lang='grc' dir='ltr'><strong><em>χρώμεθα.</em></strong></span> <span class='ocrx_word' id='word_1_47' title='bbox 1338 1165 1423 1250; x_wconf 83' lang='grc' dir='ltr'><strong><em>πρὸς</em></strong></span> 
     </span>
     <span class='ocr_line' id='line_1_7' title="bbox 271 1269 1423 1358; baseline -0.004 -19"><span class='ocrx_word' id='word_1_48' title='bbox 271 1276 398 1339; x_wconf 80' lang='grc' dir='ltr'><strong><em>τοίνυν</em></strong></span> <span class='ocrx_word' id='word_1_49' title='bbox 423 1270 555 1337; x_wconf 81' lang='grc' dir='ltr'><strong><em>ἅπαντα</em></strong></span> <span class='ocrx_word' id='word_1_50' title='bbox 581 1269 641 1336; x_wconf 84' lang='grc' dir='ltr'><strong>τὸν</strong></span> <span class='ocrx_word' id='word_1_51' title='bbox 662 1272 700 1337; x_wconf 81' lang='grc' dir='ltr'><strong>ἐκ</strong></span> <span class='ocrx_word' id='word_1_52' title='bbox 727 1276 796 1337; x_wconf 79' lang='grc' dir='ltr'><strong>τῶν</strong></span> <span class='ocrx_word' id='word_1_53' title='bbox 821 1270 935 1337; x_wconf 82' lang='grc' dir='ltr'><strong><em>ἄλλων</em></strong></span> <span class='ocrx_word' id='word_1_54' title='bbox 957 1273 1150 1358; x_wconf 71' lang='grc' dir='ltr'><strong>ἐμπορίων2</strong></span> <span class='ocrx_word' id='word_1_55' title='bbox 1170 1269 1423 1357; x_wconf 76' lang='grc' dir='ltr'><strong><em>ἀφικνούμενον</em></strong></span> 
     </span>
     <span class='ocr_line' id='line_1_8' title="bbox 271 1368 1462 1455; baseline 0 -14"><span class='ocrx_word' id='word_1_56' title='bbox 271 1375 291 1441; x_wconf 84' lang='grc' dir='ltr'>ὁ</span> <span class='ocrx_word' id='word_1_57' title='bbox 323 1376 362 1441; x_wconf 82' lang='grc' dir='ltr'><strong>ἐκ</strong></span> <span class='ocrx_word' id='word_1_58' title='bbox 388 1379 451 1438; x_wconf 82' lang='grc' dir='ltr'><strong>τοῦ</strong></span> <span class='ocrx_word' id='word_1_59' title='bbox 479 1370 616 1438; x_wconf 86' lang='grc' dir='ltr'><strong><em>Πόντου</em></strong></span> <span class='ocrx_word' id='word_1_60' title='bbox 641 1385 733 1451; x_wconf 81' lang='grc' dir='ltr'><strong><em>σῖτος</em></strong></span> <span class='ocrx_word' id='word_1_61' title='bbox 763 1374 941 1450; x_wconf 71' lang='grc' dir='ltr'><strong>είςιτλίιον·Ί</strong></span> <span class='ocrx_word' id='word_1_62' title='bbox 969 1375 1074 1440; x_wconf 81' lang='grc' dir='ltr'><strong><em>ἐστίν.</em></strong></span> <span class='ocrx_word' id='word_1_63' title='bbox 1112 1373 1257 1450; x_wconf 74' lang='grc' dir='ltr'><strong><em>εἰκότως.</em></strong></span> <span class='ocrx_word' id='word_1_64' title='bbox 1295 1369 1337 1437; x_wconf 79' lang='grc' dir='ltr'><strong>οὐ</strong></span> <span class='ocrx_word' id='word_1_65' title='bbox 1356 1368 1462 1455; x_wconf 71' lang='lat' dir='ltr'><strong>pulpas</strong></span> 
     </span>
    </p>
   </div>
   <div class='ocr_carea' id='block_1_3' title="bbox 275 1552 1479 2053">
    <p class='ocr_par' dir='ltr' id='par_1_3' title="bbox 275 1552 1479 2053">
     <span class='ocr_line' id='line_1_9' title="bbox 276 1552 1424 1629; baseline -0.001 -18"><span class='ocrx_word' id='word_1_66' title='bbox 276 1565 387 1629; x_wconf 85' lang='lat' dir='ltr'><strong>tempus</strong></span> <span class='ocrx_word' id='word_1_67' title='bbox 408 1552 520 1627; x_wconf 76' lang='lat' dir='ltr'><strong>aliquod</strong></span> <span class='ocrx_word' id='word_1_68' title='bbox 541 1554 656 1625; x_wconf 87' lang='lat' dir='ltr'><strong>quisquo</strong></span> <span class='ocrx_word' id='word_1_69' title='bbox 673 1552 749 1609; x_wconf 88' lang='lat' dir='ltr'><strong>vobis</strong></span> <span class='ocrx_word' id='word_1_70' title='bbox 765 1553 983 1617; x_wconf 83' lang='lat' dir='ltr'><strong>commodarunt,</strong></span> <span class='ocrx_word' id='word_1_71' title='bbox 1006 1554 1078 1610; x_wconf 87' lang='lat' dir='ltr'><strong>hune</strong></span> <span class='ocrx_word' id='word_1_72' title='bbox 1096 1572 1173 1616; x_wconf 84' lang='lat' dir='ltr'><strong>vero.</strong></span> <span class='ocrx_word' id='word_1_73' title='bbox 1195 1553 1218 1609; x_wconf 90' lang='lat' dir='ltr'><strong>si</strong></span> <span class='ocrx_word' id='word_1_74' title='bbox 1234 1552 1424 1611; x_wconf 73' lang='lat' dir='ltr'><strong>consideretis.</strong></span> 
     </span>
     <span class='ocr_line' id='line_1_10' title="bbox 277 1638 1425 1715; baseline -0.004 -19"><span class='ocrx_word' id='word_1_75' title='bbox 277 1638 421 1715; x_wconf 76' lang='lat' dir='ltr'>apparebit</span> <span class='ocrx_word' id='word_1_76' title='bbox 441 1654 578 1711; x_wconf 83' lang='lat' dir='ltr'><strong>nunquam</strong></span> <span class='ocrx_word' id='word_1_77' title='bbox 597 1638 623 1693; x_wconf 91' lang='lat' dir='ltr'><strong>in</strong></span> <span class='ocrx_word' id='word_1_78' title='bbox 644 1654 693 1693; x_wconf 85' lang='lat' dir='ltr'><strong>vos</strong></span> <span class='ocrx_word' id='word_1_79' title='bbox 708 1638 832 1695; x_wconf 89' lang='lat' dir='ltr'><strong>ooulerre</strong></span> <span class='ocrx_word' id='word_1_80' title='bbox 853 1638 982 1697; x_wconf 83' lang='lat' dir='ltr'><strong>beneficio</strong></span> <span class='ocrx_word' id='word_1_81' title='bbox 1004 1638 1159 1701; x_wconf 76' lang='lat' dir='ltr'><strong>destitisse,</strong></span> <span class='ocrx_word' id='word_1_82' title='bbox 1186 1647 1213 1695; x_wconf 83' lang='lat' dir='ltr'><strong>et</strong></span> <span class='ocrx_word' id='word_1_83' title='bbox 1234 1640 1294 1695; x_wconf 89' lang='lat' dir='ltr'><strong>eius</strong></span> <span class='ocrx_word' id='word_1_84' title='bbox 1314 1638 1425 1711; x_wconf 79' lang='lat' dir='ltr'><strong>generis</strong></span> 
     </span>
     <span class='ocr_line' id='line_1_11' title="bbox 277 1722 1425 1797; baseline -0.005 -15"><span class='ocrx_word' id='word_1_85' title='bbox 277 1724 425 1785; x_wconf 81' lang='lat' dir='ltr'><strong>beneficia.</strong></span> <span class='ocrx_word' id='word_1_86' title='bbox 447 1740 517 1797; x_wconf 77' lang='lat' dir='ltr'><strong>quiae</strong></span> <span class='ocrx_word' id='word_1_87' title='bbox 537 1731 647 1779; x_wconf 85' lang='lat' dir='ltr'><strong>nostrae</strong></span> <span class='ocrx_word' id='word_1_88' title='bbox 668 1723 727 1780; x_wconf 91' lang='lat' dir='ltr'><strong>orbi</strong></span> <span class='ocrx_word' id='word_1_89' title='bbox 744 1726 856 1781; x_wconf 81' lang='lat' dir='ltr'><strong>maxime</strong></span> <span class='ocrx_word' id='word_1_90' title='bbox 872 1732 936 1781; x_wconf 88' lang='lat' dir='ltr'><strong>sunt</strong></span> <span class='ocrx_word' id='word_1_91' title='bbox 950 1725 1114 1781; x_wconf 80' lang='lat' dir='ltr'><strong>necessaria.</strong></span> <span class='ocrx_word' id='word_1_92' title='bbox 1159 1722 1221 1795; x_wconf 89' lang='grc'>(31)</span> <span class='ocrx_word' id='word_1_93' title='bbox 1242 1738 1332 1797; x_wconf 88' lang='lat' dir='ltr'><strong>neque</strong></span> <span class='ocrx_word' id='word_1_94' title='bbox 1353 1723 1425 1777; x_wconf 79' lang='lat' dir='ltr'><strong>enlin</strong></span> 
     </span>
     <span class='ocr_line' id='line_1_12' title="bbox 276 1806 1424 1875; baseline -0.007 -8"><span class='ocrx_word' id='word_1_95' title='bbox 276 1812 333 1867; x_wconf 86' lang='lat' dir='ltr'><strong>lroc</strong></span> <span class='ocrx_word' id='word_1_96' title='bbox 353 1809 431 1865; x_wconf 85' lang='lat' dir='ltr'><strong>vobis</strong></span> <span class='ocrx_word' id='word_1_97' title='bbox 452 1808 596 1865; x_wconf 87' lang='lat' dir='ltr'><strong>obscurum</strong></span> <span class='ocrx_word' id='word_1_98' title='bbox 620 1816 674 1875; x_wconf 84' lang='lat' dir='ltr'><strong>est,</strong></span> <span class='ocrx_word' id='word_1_99' title='bbox 697 1826 748 1865; x_wconf 87' lang='lat' dir='ltr'><strong>nos</strong></span> <span class='ocrx_word' id='word_1_100' title='bbox 769 1808 912 1867; x_wconf 78' lang='lat' dir='ltr'><strong>advectitio</strong></span> <span class='ocrx_word' id='word_1_101' title='bbox 934 1808 1071 1867; x_wconf 79' lang='lat' dir='ltr'><strong>frumento</strong></span> <span class='ocrx_word' id='word_1_102' title='bbox 1091 1811 1211 1865; x_wconf 88' lang='lat' dir='ltr'><strong>omniurn</strong></span> <span class='ocrx_word' id='word_1_103' title='bbox 1231 1809 1370 1865; x_wconf 83' lang='lat' dir='ltr'><strong>homiuum</strong></span> <span class='ocrx_word' id='word_1_104' title='bbox 1387 1806 1424 1861; x_wconf 90' lang='lat' dir='ltr'><strong>uti</strong></span> 
     </span>
     <span class='ocr_line' id='line_1_13' title="bbox 276 1892 1479 1969; baseline -0.003 -20"><span class='ocrx_word' id='word_1_105' title='bbox 276 1896 408 1969; x_wconf 87' lang='lat' dir='ltr'><strong>plurimo.</strong></span> <span class='ocrx_word' id='word_1_106' title='bbox 453 1892 530 1961; x_wconf 81' lang='lat' dir='ltr'><strong>Quod</strong></span> <span class='ocrx_word' id='word_1_107' title='bbox 557 1894 580 1948; x_wconf 90' lang='lat' dir='ltr'><strong>si</strong></span> <span class='ocrx_word' id='word_1_108' title='bbox 611 1894 740 1967; x_wconf 88' lang='lat' dir='ltr'><strong>quioquid</strong></span> <span class='ocrx_word' id='word_1_109' title='bbox 767 1894 895 1951; x_wconf 79' lang='lat' dir='ltr'><strong>frumeuti</strong></span> <span class='ocrx_word' id='word_1_110' title='bbox 925 1895 1039 1969; x_wconf 88' lang='lat' dir='ltr'><strong>reliquis</strong></span> <span class='ocrx_word' id='word_1_111' title='bbox 1065 1910 1096 1950; x_wconf 80' lang='lat' dir='ltr'><strong>ea</strong></span> <span class='ocrx_word' id='word_1_112' title='bbox 1129 1894 1259 1967; x_wconf 86' lang='lat' dir='ltr'><strong>emporiis</strong></span> <span class='ocrx_word' id='word_1_113' title='bbox 1284 1892 1427 1949; x_wconf 78' lang='lat' dir='ltr'><strong>advehitur</strong></span> <span class='ocrx_word' id='word_1_114' title='bbox 1475 1914 1479 1922; x_wconf 92' lang='lat'>·</span> 
     </span>
     <span class='ocr_line' id='line_1_14' title="bbox 275 1978 1427 2053; baseline -0.005 -16"><span class='ocrx_word' id='word_1_115' title='bbox 275 1996 482 2053; x_wconf 77' lang='lat' dir='ltr'><strong>comparamus,</strong></span> <span class='ocrx_word' id='word_1_116' title='bbox 506 1986 590 2052; x_wconf 77' lang='lat' dir='ltr'><strong>prope</strong></span> <span class='ocrx_word' id='word_1_117' title='bbox 606 1979 738 2035; x_wconf 83' lang='lat' dir='ltr'><strong>accedunt</strong></span> <span class='ocrx_word' id='word_1_118' title='bbox 756 1996 802 2035; x_wconf 85' lang='lat' dir='ltr'><strong>uae</strong></span> <span class='ocrx_word' id='word_1_119' title='bbox 819 1982 912 2052; x_wconf 85' lang='lat' dir='ltr'><strong>ropioe</strong></span> <span class='ocrx_word' id='word_1_120' title='bbox 934 1996 1005 2053; x_wconf 79' lang='lat' dir='ltr'><strong>quae</strong></span> <span class='ocrx_word' id='word_1_121' title='bbox 1024 1997 1039 2033; x_wconf 91' lang='grc' dir='ltr'><strong>ο</strong></span> <span class='ocrx_word' id='word_1_122' title='bbox 1059 1980 1147 2036; x_wconf 89' lang='lat' dir='ltr'><strong>Ponto</strong></span> <span class='ocrx_word' id='word_1_123' title='bbox 1169 1978 1346 2035; x_wconf 78' lang='lat' dir='ltr'><strong>advehuntur.</strong></span> <span class='ocrx_word' id='word_1_124' title='bbox 1377 1992 1427 2033; x_wconf 85' lang='lat' dir='ltr'><strong>nec</strong></span> 
     </span>
    </p>
   </div>
   <div class='ocr_carea' id='block_1_4' title="bbox 226 2168 1431 3077">
    <p class='ocr_par' dir='ltr' id='par_1_4' title="bbox 226 2168 1431 3025">
     <span class='ocr_line' id='line_1_15' title="bbox 350 2168 1427 2247; baseline -0.004 -16"><span class='ocrx_word' id='word_1_125' title='bbox 350 2180 377 2247; x_wconf 79' lang='grc'><strong>6)</strong></span> <span class='ocrx_word' id='word_1_126' title='bbox 396 2170 466 2245; x_wconf 77' lang='grc' dir='ltr'><strong>ὑμῖν</strong></span> <span class='ocrx_word' id='word_1_127' title='bbox 488 2176 596 2229; x_wconf 81' lang='lat' dir='ltr'><strong>Aldetc.</strong></span> <span class='ocrx_word' id='word_1_128' title='bbox 618 2178 715 2229; x_wconf 89' lang='lat' dir='ltr'><strong>Vindl.</strong></span> <span class='ocrx_word' id='word_1_129' title='bbox 742 2206 776 2215; x_wconf 88' lang='lat'><em>-</em></span> <span class='ocrx_word' id='word_1_130' title='bbox 806 2171 877 2245; x_wconf 84' lang='grc' dir='ltr'><strong><em>ἡμῖν</em></strong></span> <span class='ocrx_word' id='word_1_131' title='bbox 904 2178 939 2229; x_wconf 93' lang='grc' dir='ltr'><strong>Σ.</strong></span> <span class='ocrx_word' id='word_1_132' title='bbox 962 2180 1068 2231; x_wconf 84' lang='lat' dir='ltr'><strong>LaurS.</strong></span> <span class='ocrx_word' id='word_1_133' title='bbox 1091 2178 1165 2244; x_wconf 77' lang='lat' dir='ltr'><strong>vulg.</strong></span> <span class='ocrx_word' id='word_1_134' title='bbox 1239 2178 1266 2244; x_wconf 83' lang='grc'><strong>7)</strong></span> <span class='ocrx_word' id='word_1_135' title='bbox 1290 2168 1427 2244; x_wconf 72' lang='grc' dir='ltr'><strong><em>χρήσιμον</em></strong></span> 
     </span>
     <span class='ocr_line' id='line_1_16' title="bbox 279 2254 1425 2329; baseline -0.005 -12"><span class='ocrx_word' id='word_1_136' title='bbox 279 2284 325 2317; x_wconf 88' lang='lat' dir='ltr'><strong>orn</strong></span> <span class='ocrx_word' id='word_1_137' title='bbox 343 2266 404 2315; x_wconf 80' lang='lat' dir='ltr'><strong>Bar</strong></span> <span class='ocrx_word' id='word_1_138' title='bbox 424 2264 491 2327; x_wconf 92' lang='lat' dir='ltr'><strong>(nou</strong></span> <span class='ocrx_word' id='word_1_139' title='bbox 510 2262 556 2327; x_wconf 84' lang='lat' dir='ltr'><strong>F).</strong></span> <span class='ocrx_word' id='word_1_140' title='bbox 626 2264 653 2328; x_wconf 84' lang='lat'><strong>8)</strong></span> <span class='ocrx_word' id='word_1_141' title='bbox 673 2254 777 2315; x_wconf 72' lang='lat' dir='ltr'><strong>iocunde</strong></span> <span class='ocrx_word' id='word_1_142' title='bbox 794 2264 869 2327; x_wconf 72' lang='lat' dir='ltr'><strong>vulg.</strong></span> <span class='ocrx_word' id='word_1_143' title='bbox 894 2290 926 2299; x_wconf 91' lang='lat'><em>-</em></span> <span class='ocrx_word' id='word_1_144' title='bbox 956 2256 1048 2315; x_wconf 80' lang='grc' dir='ltr'><strong><em>αὑτὸν</em></strong></span> <span class='ocrx_word' id='word_1_145' title='bbox 1065 2264 1100 2316; x_wconf 85' lang='grc' dir='ltr'><strong>Σ.</strong></span> <span class='ocrx_word' id='word_1_146' title='bbox 1121 2263 1210 2329; x_wconf 80' lang='lat' dir='ltr'><strong>Augl.</strong></span> <span class='ocrx_word' id='word_1_147' title='bbox 1226 2262 1309 2314; x_wconf 85' lang='lat' dir='ltr'><strong>Lind.</strong></span> <span class='ocrx_word' id='word_1_148' title='bbox 1327 2261 1425 2320; x_wconf 84' lang='lat' dir='ltr'><strong>Viudl.</strong></span> 
     </span>
     <span class='ocr_line' id='line_1_17' title="bbox 280 2338 1428 2415; baseline -0.004 -14"><span class='ocrx_word' id='word_1_149' title='bbox 280 2350 317 2401; x_wconf 88' lang='grc' dir='ltr'><strong>Π.</strong></span> <span class='ocrx_word' id='word_1_150' title='bbox 331 2350 398 2401; x_wconf 84' lang='lat' dir='ltr'><strong>Mal.</strong></span> <span class='ocrx_word' id='word_1_151' title='bbox 418 2375 448 2385; x_wconf 91' lang='lat'>-</span> <span class='ocrx_word' id='word_1_152' title='bbox 469 2338 558 2400; x_wconf 73' lang='lat' dir='ltr'><strong>adedo</strong></span> <span class='ocrx_word' id='word_1_153' title='bbox 576 2346 916 2415; x_wconf 72' lang='lat' dir='ltr'><strong>LaurS.Q.s.n.vi11d4.</strong></span> <span class='ocrx_word' id='word_1_154' title='bbox 987 2349 1013 2415; x_wconf 84' lang='lat'><strong>9)</strong></span> <span class='ocrx_word' id='word_1_155' title='bbox 1032 2339 1109 2415; x_wconf 77' lang='grc' dir='ltr'><strong>ἡμᾶς</strong></span> <span class='ocrx_word' id='word_1_156' title='bbox 1127 2348 1162 2401; x_wconf 84' lang='grc' dir='ltr'><strong>Σ.</strong></span> <span class='ocrx_word' id='word_1_157' title='bbox 1180 2346 1283 2399; x_wconf 80' lang='lat' dir='ltr'><strong>LaurS.</strong></span> <span class='ocrx_word' id='word_1_158' title='bbox 1302 2346 1376 2413; x_wconf 80' lang='lat' dir='ltr'><strong>vulg.</strong></span> <span class='ocrx_word' id='word_1_159' title='bbox 1394 2372 1428 2382; x_wconf 89' lang='lat'>-</span> 
     </span>
     <span class='ocr_line' id='line_1_18' title="bbox 280 2424 1426 2500; baseline -0.005 -12"><span class='ocrx_word' id='word_1_160' title='bbox 280 2430 358 2500; x_wconf 75' lang='grc' dir='ltr'><strong>ὑμᾶς</strong></span> <span class='ocrx_word' id='word_1_161' title='bbox 376 2452 400 2485; x_wconf 87' lang='lat' dir='ltr'><strong>r.</strong></span> <span class='ocrx_word' id='word_1_162' title='bbox 420 2432 516 2483; x_wconf 87' lang='lat' dir='ltr'><strong>Viudl.</strong></span> <span class='ocrx_word' id='word_1_163' title='bbox 589 2432 629 2497; x_wconf 88' lang='grc'><strong>10)</strong></span> <span class='ocrx_word' id='word_1_164' title='bbox 654 2433 764 2483; x_wconf 83' lang='lat' dir='ltr'><strong>‘Potest</strong></span> <span class='ocrx_word' id='word_1_165' title='bbox 786 2434 885 2499; x_wconf 84' lang='lat' dir='ltr'><strong>exponi</strong></span> <span class='ocrx_word' id='word_1_166' title='bbox 907 2430 956 2485; x_wconf 82' lang='grc' dir='ltr'><strong>καλ</strong></span> <span class='ocrx_word' id='word_1_167' title='bbox 977 2425 1120 2485; x_wconf 72' lang='grc' dir='ltr'><strong><em>ταῦταέτι</em></strong></span> <span class='ocrx_word' id='word_1_168' title='bbox 1139 2424 1291 2499; x_wconf 72' lang='lat' dir='ltr'><strong>(valdand)</strong></span> <span class='ocrx_word' id='word_1_169' title='bbox 1310 2426 1426 2491; x_wconf 80' lang='grc' dir='ltr'><strong><em>τούτων,</em></strong></span> 
     </span>
     <span class='ocr_line' id='line_1_19' title="bbox 226 2508 1103 2593; baseline -0.002 -22"><span class='ocrx_word' id='word_1_170' title='bbox 226 2536 229 2541; x_wconf 91' lang='grc'><strong><em>·</em></strong></span> <span class='ocrx_word' id='word_1_171' title='bbox 283 2508 336 2583; x_wconf 79' lang='grc' dir='ltr'><strong>ὦν,</strong></span> <span class='ocrx_word' id='word_1_172' title='bbox 360 2520 408 2571; x_wconf 79' lang='lat' dir='ltr'><strong>aad</strong></span> <span class='ocrx_word' id='word_1_173' title='bbox 432 2518 496 2585; x_wconf 88' lang='lat' dir='ltr'><strong>quia</strong></span> <span class='ocrx_word' id='word_1_174' title='bbox 514 2516 566 2567; x_wconf 91' lang='lat' dir='ltr'><strong>hoe</strong></span> <span class='ocrx_word' id='word_1_175' title='bbox 585 2516 669 2593; x_wconf 80' lang='lat' dir='ltr'><strong>paulo</strong></span> <span class='ocrx_word' id='word_1_176' title='bbox 687 2516 781 2568; x_wconf 81' lang='lat' dir='ltr'><strong>durius</strong></span> <span class='ocrx_word' id='word_1_177' title='bbox 803 2523 860 2583; x_wconf 85' lang='lat' dir='ltr'><strong>eet,</strong></span> <span class='ocrx_word' id='word_1_178' title='bbox 888 2518 981 2571; x_wconf 84' lang='lat' dir='ltr'><strong>malim</strong></span> <span class='ocrx_word' id='word_1_179' title='bbox 1000 2515 1103 2571; x_wconf 73' lang='grc' dir='ltr'><strong><em>καίτοι</em></strong></span> 
     </span>
     <span class='ocr_line' id='line_1_20' title="bbox 286 2596 1428 2671; baseline -0.003 -18"><span class='ocrx_word' id='word_1_180' title='bbox 286 2606 372 2653; x_wconf 82' lang='lat' dir='ltr'><strong>kiua.</strong></span> <span class='ocrx_word' id='word_1_181' title='bbox 408 2600 470 2655; x_wconf 76' lang='lat' dir='ltr'><strong>‘aad</strong></span> <span class='ocrx_word' id='word_1_182' title='bbox 493 2601 520 2652; x_wconf 90' lang='lat' dir='ltr'><strong>h.</strong></span> <span class='ocrx_word' id='word_1_183' title='bbox 539 2601 556 2653; x_wconf 92' lang='lat' dir='ltr'><strong>l.</strong></span> <span class='ocrx_word' id='word_1_184' title='bbox 577 2607 620 2652; x_wconf 85' lang='lat' dir='ltr'><strong>eet</strong></span> <span class='ocrx_word' id='word_1_185' title='bbox 638 2603 779 2669; x_wconf 80' lang='lat' dir='ltr'><strong>etquidem</strong></span> <span class='ocrx_word' id='word_1_186' title='bbox 802 2619 835 2654; x_wconf 89' lang='lat' dir='ltr'><strong>ao</strong></span> <span class='ocrx_word' id='word_1_187' title='bbox 857 2600 949 2655; x_wconf 80' lang='grc' dir='ltr'><strong><em>ταῦτα</em></strong></span> <span class='ocrx_word' id='word_1_188' title='bbox 973 2620 1021 2671; x_wconf 85' lang='lat' dir='ltr'><strong>pro</strong></span> <span class='ocrx_word' id='word_1_189' title='bbox 1039 2596 1114 2654; x_wconf 82' lang='grc' dir='ltr'><strong><em>ιιοιτά</em></strong></span> <span class='ocrx_word' id='word_1_190' title='bbox 1132 2599 1239 2667; x_wconf 82' lang='grc' dir='ltr'><strong><em>ταῦτα,</em></strong></span> <span class='ocrx_word' id='word_1_191' title='bbox 1262 2604 1355 2667; x_wconf 85' lang='lat' dir='ltr'><strong>itaque</strong></span> <span class='ocrx_word' id='word_1_192' title='bbox 1374 2616 1428 2650; x_wconf 91' lang='lat' dir='ltr'><strong>non</strong></span> 
     </span>
     <span class='ocr_line' id='line_1_21' title="bbox 288 2672 1427 2753; baseline 0.002 -18"><span class='ocrx_word' id='word_1_193' title='bbox 288 2694 319 2737; x_wconf 88' lang='lat' dir='ltr'><strong>nt</strong></span> <span class='ocrx_word' id='word_1_194' title='bbox 337 2688 409 2738; x_wconf 84' lang='lat' dir='ltr'><strong>nlius</strong></span> <span class='ocrx_word' id='word_1_195' title='bbox 426 2686 538 2745; x_wconf 86' lang='lat' dir='ltr'><strong>dieitur,</strong></span> <span class='ocrx_word' id='word_1_196' title='bbox 560 2684 610 2739; x_wconf 82' lang='grc' dir='ltr'><strong><em>ιιαλ</em></strong></span> <span class='ocrx_word' id='word_1_197' title='bbox 627 2684 718 2739; x_wconf 76' lang='grc' dir='ltr'><strong><em>ταῦτα</em></strong></span> <span class='ocrx_word' id='word_1_198' title='bbox 735 2692 896 2753; x_wconf 82' lang='lat' dir='ltr'><strong>praesertim.</strong></span> <span class='ocrx_word' id='word_1_199' title='bbox 933 2689 1065 2741; x_wconf 84' lang='lat' dir='ltr'><strong>Reielriua</strong></span> <span class='ocrx_word' id='word_1_200' title='bbox 1082 2688 1189 2739; x_wconf 84' lang='lat' dir='ltr'><strong>mavult</strong></span> <span class='ocrx_word' id='word_1_201' title='bbox 1206 2685 1255 2741; x_wconf 79' lang='lat' dir='ltr'><strong>aul</strong></span> <span class='ocrx_word' id='word_1_202' title='bbox 1273 2684 1353 2738; x_wconf 79' lang='grc' dir='ltr'><strong><em>ταῦτ’</em></strong></span> <span class='ocrx_word' id='word_1_203' title='bbox 1372 2672 1427 2751; x_wconf 70' lang='grc' dir='ltr'><strong>ἀφ’</strong></span> 
     </span>
     <span class='ocr_line' id='line_1_22' title="bbox 286 2760 1429 2839; baseline -0.003 -16"><span class='ocrx_word' id='word_1_204' title='bbox 286 2760 340 2837; x_wconf 80' lang='grc' dir='ltr'><strong>ὦν,</strong></span> <span class='ocrx_word' id='word_1_205' title='bbox 360 2772 428 2839; x_wconf 86' lang='lat' dir='ltr'><strong>quod</strong></span> <span class='ocrx_word' id='word_1_206' title='bbox 446 2773 504 2838; x_wconf 84' lang='lat' dir='ltr'><strong>ipse</strong></span> <span class='ocrx_word' id='word_1_207' title='bbox 524 2772 646 2838; x_wconf 81' lang='lat' dir='ltr'><strong>explicet</strong></span> <span class='ocrx_word' id='word_1_208' title='bbox 664 2764 721 2823; x_wconf 76' lang='grc' dir='ltr'><strong>ἀπὸ</strong></span> <span class='ocrx_word' id='word_1_209' title='bbox 741 2764 847 2825; x_wconf 74' lang='grc' dir='ltr'><strong><em>τούτων</em></strong></span> <span class='ocrx_word' id='word_1_210' title='bbox 864 2760 912 2829; x_wconf 75' lang='grc' dir='ltr'><strong>ὧν.</strong></span> <span class='ocrx_word' id='word_1_211' title='bbox 946 2774 1000 2825; x_wconf 89' lang='lat' dir='ltr'><strong>Vix</strong></span> <span class='ocrx_word' id='word_1_212' title='bbox 1018 2774 1090 2825; x_wconf 85' lang='lat' dir='ltr'><strong>aliua</strong></span> <span class='ocrx_word' id='word_1_213' title='bbox 1107 2769 1313 2825; x_wconf 74' lang='lat' dir='ltr'><strong>intellexisset’</strong></span> <span class='ocrx_word' id='word_1_214' title='bbox 1332 2772 1384 2821; x_wconf 85' lang='lat' dir='ltr'><strong>Fr.</strong></span> <span class='ocrx_word' id='word_1_215' title='bbox 1397 2772 1429 2820; x_wconf 76' lang='lat' dir='ltr'><strong>A.</strong></span> 
     </span>
     <span class='ocr_line' id='line_1_23' title="bbox 287 2851 1430 2911; baseline 0 -4"><span class='ocrx_word' id='word_1_216' title='bbox 287 2858 440 2909; x_wconf 82' lang='lat' dir='ltr'><strong>Wolfiua.</strong></span> <span class='ocrx_word' id='word_1_217' title='bbox 477 2855 563 2907; x_wconf 84' lang='lat' dir='ltr'><strong>‘Male</strong></span> <span class='ocrx_word' id='word_1_218' title='bbox 587 2856 717 2907; x_wconf 78' lang='lat' dir='ltr'><strong>subaudit</strong></span> <span class='ocrx_word' id='word_1_219' title='bbox 734 2851 809 2909; x_wconf 78' lang='grc' dir='ltr'><strong><em>κατὰ</em></strong></span> <span class='ocrx_word' id='word_1_220' title='bbox 827 2858 862 2909; x_wconf 88' lang='lat' dir='ltr'><strong>od</strong></span> <span class='ocrx_word' id='word_1_221' title='bbox 882 2856 993 2911; x_wconf 63' lang='lat' dir='ltr'><strong>turino!</strong></span> <span class='ocrx_word' id='word_1_222' title='bbox 1016 2858 1234 2909; x_wconf 80' lang='lat' dir='ltr'><strong>Sebaeierue.</strong></span> <span class='ocrx_word' id='word_1_223' title='bbox 1270 2855 1320 2909; x_wconf 78' lang='grc' dir='ltr'><strong>καί</strong></span> <span class='ocrx_word' id='word_1_224' title='bbox 1339 2852 1430 2907; x_wconf 81' lang='grc' dir='ltr'><strong><em>ταῦτα</em></strong></span> 
     </span>
     <span class='ocr_line' id='line_1_24' title="bbox 287 2931 1431 3025; baseline -0.001 -32"><span class='ocrx_word' id='word_1_225' title='bbox 287 2940 412 3009; x_wconf 82' lang='lat' dir='ltr'><strong>intellige</strong></span> <span class='ocrx_word' id='word_1_226' title='bbox 426 2942 443 2993; x_wconf 92' lang='lat' dir='ltr'><strong>i.</strong></span> <span class='ocrx_word' id='word_1_227' title='bbox 457 2958 483 3007; x_wconf 86' lang='lat' dir='ltr'><strong>q.</strong></span> <span class='ocrx_word' id='word_1_228' title='bbox 496 2936 546 2991; x_wconf 81' lang='grc' dir='ltr'><strong>καλ</strong></span> <span class='ocrx_word' id='word_1_229' title='bbox 559 2939 687 2994; x_wconf 78' lang='grc' dir='ltr'><strong><em>τοιοῦτοι.</em></strong></span> <span class='ocrx_word' id='word_1_230' title='bbox 716 2940 759 2993; x_wconf 83' lang='lat' dir='ltr'><strong>Cf.</strong></span> <span class='ocrx_word' id='word_1_231' title='bbox 774 2941 808 2993; x_wconf 86' lang='lat' dir='ltr'><strong>ad</strong></span> <span class='ocrx_word' id='word_1_232' title='bbox 821 2942 899 2995; x_wconf 87' lang='lat' dir='ltr'><strong>Dem.</strong></span> <span class='ocrx_word' id='word_1_233' title='bbox 914 2945 933 2995; x_wconf 85' lang='grc'><strong>1.</strong></span> <span class='ocrx_word' id='word_1_234' title='bbox 947 2944 1001 3007; x_wconf 73' lang='lat' dir='ltr'><strong>leg.</strong></span> <span class='ocrx_word' id='word_1_235' title='bbox 1015 2946 1039 3005; x_wconf 68' lang='lat'><strong>5.</strong></span> <span class='ocrx_word' id='word_1_236' title='bbox 1055 2945 1111 2996; x_wconf 87' lang='grc'>180.</span> <span class='ocrx_word' id='word_1_237' title='bbox 1170 2943 1212 3010; x_wconf 91' lang='grc'><strong>11)</strong></span> <span class='ocrx_word' id='word_1_238' title='bbox 1224 2934 1306 3010; x_wconf 74' lang='grc' dir='ltr'><strong>ἡμῶν</strong></span> <span class='ocrx_word' id='word_1_239' title='bbox 1317 2931 1335 3025; x_wconf 66' lang='grc' dir='ltr'><strong><em>ἡ</em></strong></span> <span class='ocrx_word' id='word_1_240' title='bbox 1348 2934 1431 3001; x_wconf 83' lang='grc' dir='ltr'><strong><em>πόλις</em></strong></span> 
     </span>
    </p>

    <p class='ocr_par' dir='ltr' id='par_1_5' title="bbox 1315 3028 1333 3077">
     <span class='ocr_line' id='line_1_25' title="bbox 1315 3028 1333 3077; baseline 0 0"><span class='ocrx_word' id='word_1_241' title='bbox 1315 3028 1333 3077; x_wconf 71' lang='grc' dir='ltr'><em>η</em></span> 
     </span>
    </p>
   </div>
   <div class='ocr_carea' id='block_1_5' title="bbox 210 3068 1431 3315">
    <p class='ocr_par' dir='ltr' id='par_1_6' title="bbox 210 3068 1431 3315">
     <span class='ocr_line' id='line_1_26' title="bbox 286 3068 1431 3146; baseline -0.005 -13"><span class='ocrx_word' id='word_1_242' title='bbox 286 3080 320 3133; x_wconf 86' lang='grc' dir='ltr'><strong>Σ.</strong></span> <span class='ocrx_word' id='word_1_243' title='bbox 340 3078 441 3129; x_wconf 82' lang='lat' dir='ltr'><strong>LaurS.</strong></span> <span class='ocrx_word' id='word_1_244' title='bbox 462 3077 539 3145; x_wconf 81' lang='lat' dir='ltr'><strong>vulg.</strong></span> <span class='ocrx_word' id='word_1_245' title='bbox 556 3103 590 3115; x_wconf 94' lang='lat'>-</span> <span class='ocrx_word' id='word_1_246' title='bbox 612 3070 692 3143; x_wconf 73' lang='grc' dir='ltr'><strong><em>ὑμῶν</em></strong></span> <span class='ocrx_word' id='word_1_247' title='bbox 709 3069 727 3143; x_wconf 83' lang='grc' dir='ltr'><strong><em>ἡ</em></strong></span> <span class='ocrx_word' id='word_1_248' title='bbox 745 3074 827 3139; x_wconf 81' lang='grc' dir='ltr'><strong><em>πόλις</em></strong></span> <span class='ocrx_word' id='word_1_249' title='bbox 845 3081 907 3131; x_wconf 78' lang='lat' dir='ltr'><strong>I&#39;el.</strong></span> <span class='ocrx_word' id='word_1_250' title='bbox 932 3106 962 3117; x_wconf 91' lang='lat'><em>-</em></span> <span class='ocrx_word' id='word_1_251' title='bbox 986 3072 1105 3146; x_wconf 78' lang='grc' dir='ltr'><strong><em>ἡπόλις</em></strong></span> <span class='ocrx_word' id='word_1_252' title='bbox 1122 3072 1205 3145; x_wconf 82' lang='grc' dir='ltr'><strong><em>ἡμῶν</em></strong></span> <span class='ocrx_word' id='word_1_253' title='bbox 1221 3080 1248 3129; x_wconf 79' lang='grc' dir='ltr'><strong>λ’.</strong></span> <span class='ocrx_word' id='word_1_254' title='bbox 1266 3107 1296 3115; x_wconf 94' lang='grc'><strong>-</strong></span> <span class='ocrx_word' id='word_1_255' title='bbox 1315 3068 1431 3143; x_wconf 80' lang='grc' dir='ltr'><strong><em>νμῶνι)</em></strong></span> 
     </span>
     <span class='ocr_line' id='line_1_27' title="bbox 210 3153 850 3242; baseline 0.003 -27"><span class='ocrx_word' id='word_1_256' title='bbox 210 3220 218 3242; x_wconf 48' lang='grc' dir='ltr'><strong><em>Ι</em></strong></span> <span class='ocrx_word' id='word_1_257' title='bbox 284 3180 315 3218; x_wconf 88' lang='grc' dir='ltr'><strong>π.</strong></span> <span class='ocrx_word' id='word_1_258' title='bbox 334 3165 366 3217; x_wconf 82' lang='lat' dir='ltr'><strong>X.</strong></span> <span class='ocrx_word' id='word_1_259' title='bbox 385 3190 417 3201; x_wconf 83' lang='lat'>-</span> <span class='ocrx_word' id='word_1_260' title='bbox 436 3153 454 3229; x_wconf 82' lang='grc' dir='ltr'>ἡ</span> <span class='ocrx_word' id='word_1_261' title='bbox 473 3154 555 3222; x_wconf 80' lang='grc' dir='ltr'><strong><em>πόλις</em></strong></span> <span class='ocrx_word' id='word_1_262' title='bbox 572 3178 615 3213; x_wconf 89' lang='lat' dir='ltr'><strong>orn</strong></span> <span class='ocrx_word' id='word_1_263' title='bbox 634 3164 740 3214; x_wconf 84' lang='lat' dir='ltr'><strong>incuria</strong></span> <span class='ocrx_word' id='word_1_264' title='bbox 757 3164 850 3217; x_wconf 84' lang='lat' dir='ltr'><strong>Herw.</strong></span> 
     </span>
     <span class='ocr_line' id='line_1_28' title="bbox 353 3239 1431 3315; baseline -0.006 -12"><span class='ocrx_word' id='word_1_265' title='bbox 353 3246 399 3303; x_wconf 78' lang='lat' dir='ltr'><strong>iil.</strong></span> <span class='ocrx_word' id='word_1_266' title='bbox 437 3248 461 3312; x_wconf 93' lang='lat' dir='ltr'><strong>l)</strong></span> <span class='ocrx_word' id='word_1_267' title='bbox 481 3239 616 3299; x_wconf 73' lang='grc' dir='ltr'><strong><em>ἁπάντων</em></strong></span> <span class='ocrx_word' id='word_1_268' title='bbox 628 3246 735 3303; x_wconf 84' lang='lat' dir='ltr'><strong>Aldeto.</strong></span> <span class='ocrx_word' id='word_1_269' title='bbox 754 3249 784 3298; x_wconf 83' lang='lat' dir='ltr'><strong>F.</strong></span> <span class='ocrx_word' id='word_1_270' title='bbox 803 3256 822 3301; x_wconf 85' lang='lat' dir='ltr'><strong>t.</strong></span> <span class='ocrx_word' id='word_1_271' title='bbox 840 3266 863 3299; x_wconf 89' lang='grc' dir='ltr'><strong>ο.</strong></span> <span class='ocrx_word' id='word_1_272' title='bbox 882 3251 915 3301; x_wconf 88' lang='grc' dir='ltr'><strong>Χ.</strong></span> <span class='ocrx_word' id='word_1_273' title='bbox 927 3276 958 3285; x_wconf 91' lang='grc'><strong>-</strong></span> <span class='ocrx_word' id='word_1_274' title='bbox 978 3241 1093 3301; x_wconf 79' lang='grc' dir='ltr'><strong><em>πάντων</em></strong></span> <span class='ocrx_word' id='word_1_275' title='bbox 1111 3249 1196 3315; x_wconf 53' lang='lat' dir='ltr'><strong>prat,</strong></span> <span class='ocrx_word' id='word_1_276' title='bbox 1215 3249 1244 3298; x_wconf 91' lang='lat' dir='ltr'><strong>iu</strong></span> <span class='ocrx_word' id='word_1_277' title='bbox 1263 3264 1317 3313; x_wconf 88' lang='lat' dir='ltr'><strong>quo</strong></span> <span class='ocrx_word' id='word_1_278' title='bbox 1335 3240 1354 3299; x_wconf 82' lang='lat' dir='ltr'><strong>oi</strong></span> <span class='ocrx_word' id='word_1_279' title='bbox 1373 3246 1431 3313; x_wconf 86' lang='lat' dir='ltr'><strong>pal-</strong></span> 
     </span>
    </p>
   </div>
   <div class='ocr_carea' id='block_1_6' title="bbox 287 3326 1431 3401">
    <p class='ocr_par' dir='ltr' id='par_1_7' title="bbox 287 3326 1431 3401">
     <span class='ocr_line' id='line_1_29' title="bbox 287 3326 1431 3401; baseline -0.003 -16"><span class='ocrx_word' id='word_1_280' title='bbox 287 3334 343 3385; x_wconf 90' lang='lat' dir='ltr'><strong>lido</strong></span> <span class='ocrx_word' id='word_1_281' title='bbox 373 3337 529 3385; x_wconf 82' lang='lat' dir='ltr'><strong>atramento</strong></span> <span class='ocrx_word' id='word_1_282' title='bbox 556 3333 742 3400; x_wconf 80' lang='lat' dir='ltr'><strong>praepositum</strong></span> <span class='ocrx_word' id='word_1_283' title='bbox 771 3338 823 3385; x_wconf 84' lang='lat' dir='ltr'><strong>eat.</strong></span> <span class='ocrx_word' id='word_1_284' title='bbox 868 3333 972 3388; x_wconf 86' lang='lat' dir='ltr'><strong>LaurS.</strong></span> <span class='ocrx_word' id='word_1_285' title='bbox 995 3334 1069 3401; x_wconf 75' lang='lat' dir='ltr'><strong>vulg.</strong></span> <span class='ocrx_word' id='word_1_286' title='bbox 1147 3334 1174 3395; x_wconf 65' lang='grc' dir='ltr'><strong>λ)</strong></span> <span class='ocrx_word' id='word_1_287' title='bbox 1198 3326 1341 3400; x_wconf 60' lang='lat' dir='ltr'><strong>{proponis</strong></span> <span class='ocrx_word' id='word_1_288' title='bbox 1362 3350 1386 3384; x_wconf 87' lang='lat' dir='ltr'><strong>r.</strong></span> <span class='ocrx_word' id='word_1_289' title='bbox 1409 3348 1431 3382; x_wconf 83' lang='grc' dir='ltr'><strong>ι.</strong></span> 
     </span>
    </p>
   </div>
   <div class='ocr_carea' id='block_1_7' title="bbox 289 3419 1432 3537">
    <p class='ocr_par' dir='ltr' id='par_1_8' title="bbox 289 3419 1432 3537">
     <span class='ocr_line' id='line_1_30' title="bbox 289 3419 1432 3537; baseline -0.005 -14"><span class='ocrx_word' id='word_1_290' title='bbox 289 3472 314 3537; x_wconf 92' lang='grc'><strong>3)</strong></span> <span class='ocrx_word' id='word_1_291' title='bbox 334 3465 376 3529; x_wconf 76' lang='grc' dir='ltr'><strong>είς</strong></span> <span class='ocrx_word' id='word_1_292' title='bbox 393 3464 482 3521; x_wconf 77' lang='grc' dir='ltr'><strong><em>πλέον</em></strong></span> <span class='ocrx_word' id='word_1_293' title='bbox 499 3468 576 3522; x_wconf 88' lang='lat' dir='ltr'><strong>Bodl.</strong></span> <span class='ocrx_word' id='word_1_294' title='bbox 595 3470 675 3523; x_wconf 87' lang='lat' dir='ltr'><strong>Cant.</strong></span> <span class='ocrx_word' id='word_1_295' title='bbox 694 3468 780 3520; x_wconf 80' lang='lat' dir='ltr'><strong>Aluv.</strong></span> <span class='ocrx_word' id='word_1_296' title='bbox 804 3497 835 3504; x_wconf 90' lang='lat'><em>-</em></span> <span class='ocrx_word' id='word_1_297' title='bbox 866 3419 998 3521; x_wconf 59' lang='grc' dir='ltr'><strong><em>ολσπλίλλν</em></strong></span> <span class='ocrx_word' id='word_1_298' title='bbox 1015 3470 1113 3521; x_wconf 90' lang='lat' dir='ltr'><strong>Vindl.</strong></span> <span class='ocrx_word' id='word_1_299' title='bbox 1137 3496 1168 3504; x_wconf 93' lang='lat'>-</span> <span class='ocrx_word' id='word_1_300' title='bbox 1199 3463 1242 3529; x_wconf 76' lang='grc' dir='ltr'><strong>εἷς</strong></span> <span class='ocrx_word' id='word_1_301' title='bbox 1259 3462 1353 3520; x_wconf 76' lang='grc' dir='ltr'><strong><em>πλέον</em></strong></span> <span class='ocrx_word' id='word_1_302' title='bbox 1371 3467 1432 3517; x_wconf 84' lang='lat' dir='ltr'><strong>Iud-</strong></span> 
     </span>
    </p>
   </div>
   <div class='ocr_carea' id='block_1_8' title="bbox 288 3544 1470 4727">
    <p class='ocr_par' dir='ltr' id='par_1_9' title="bbox 288 3544 1470 4727">
     <span class='ocr_line' id='line_1_31' title="bbox 289 3544 1432 3619; baseline -0.002 -12"><span class='ocrx_word' id='word_1_303' title='bbox 289 3556 386 3610; x_wconf 86' lang='lat' dir='ltr'><strong>Lomb.</strong></span> <span class='ocrx_word' id='word_1_304' title='bbox 424 3556 538 3605; x_wconf 89' lang='lat' dir='ltr'><strong>‘Parum</strong></span> <span class='ocrx_word' id='word_1_305' title='bbox 562 3554 704 3606; x_wconf 81' lang='lat' dir='ltr'><strong>commoda</strong></span> <span class='ocrx_word' id='word_1_306' title='bbox 728 3555 942 3605; x_wconf 81' lang='lat' dir='ltr'><strong>construetione.</strong></span> <span class='ocrx_word' id='word_1_307' title='bbox 970 3580 1001 3588; x_wconf 86' lang='lat'><strong>-</strong></span> <span class='ocrx_word' id='word_1_308' title='bbox 1033 3550 1092 3607; x_wconf 75' lang='grc' dir='ltr'><strong><em>ἔστι</em></strong></span> <span class='ocrx_word' id='word_1_309' title='bbox 1113 3551 1184 3619; x_wconf 78' lang='grc' dir='ltr'><strong><em>πρὸς</em></strong></span> <span class='ocrx_word' id='word_1_310' title='bbox 1206 3545 1336 3606; x_wconf 75' lang='grc' dir='ltr'><strong><em>ἅπαντα·</em></strong></span> <span class='ocrx_word' id='word_1_311' title='bbox 1367 3544 1432 3605; x_wconf 73' lang='lat' dir='ltr'><strong>riori</strong></span> 
     </span>
     <span class='ocr_line' id='line_1_32' title="bbox 288 3629 1470 3705; baseline -0.004 -12"><span class='ocrx_word' id='word_1_312' title='bbox 288 3640 339 3693; x_wconf 79' lang='grc' dir='ltr'><strong>τοῦ</strong></span> <span class='ocrx_word' id='word_1_313' title='bbox 356 3640 563 3705; x_wconf 72' lang='grc' dir='ltr'><strong>συγκρίνεσθαι</strong></span> <span class='ocrx_word' id='word_1_314' title='bbox 581 3632 652 3704; x_wconf 81' lang='grc' dir='ltr'><strong><em>πρὸς</em></strong></span> <span class='ocrx_word' id='word_1_315' title='bbox 670 3629 802 3693; x_wconf 61' lang='grc' dir='ltr'><strong><em>ἅπαντα]</em></strong></span> <span class='ocrx_word' id='word_1_316' title='bbox 832 3640 1017 3692; x_wconf 86' lang='lat' dir='ltr'><strong>HWolliua.</strong></span> <span class='ocrx_word' id='word_1_317' title='bbox 1059 3634 1200 3700; x_wconf 75' lang='grc' dir='ltr'><strong>ιείρπλεῖν</strong></span> <span class='ocrx_word' id='word_1_318' title='bbox 1216 3640 1346 3691; x_wconf 84' lang='lat' dir='ltr'><strong>dicuntur</strong></span> <span class='ocrx_word' id='word_1_319' title='bbox 1363 3654 1432 3689; x_wconf 85' lang='lat' dir='ltr'><strong>mar·</strong></span> <span class='ocrx_word' id='word_1_320' title='bbox 1465 3648 1470 3657; x_wconf 86' lang='lat'><strong>·</strong></span> 
     </span>
     <span class='ocr_line' id='line_1_33' title="bbox 290 3719 1432 3792; baseline -0.002 -17"><span class='ocrx_word' id='word_1_321' title='bbox 290 3742 336 3777; x_wconf 84' lang='lat' dir='ltr'><strong>oea</strong></span> <span class='ocrx_word' id='word_1_322' title='bbox 354 3742 424 3791; x_wconf 80' lang='lat' dir='ltr'><strong>quae</strong></span> <span class='ocrx_word' id='word_1_323' title='bbox 443 3726 563 3777; x_wconf 80' lang='lat' dir='ltr'><strong>navibus</strong></span> <span class='ocrx_word' id='word_1_324' title='bbox 581 3726 771 3792; x_wconf 77' lang='lat' dir='ltr'><strong>importantur.</strong></span> <span class='ocrx_word' id='word_1_325' title='bbox 806 3726 866 3777; x_wconf 87' lang='lat' dir='ltr'><strong>Nou</strong></span> <span class='ocrx_word' id='word_1_326' title='bbox 889 3742 958 3792; x_wconf 82' lang='lat' dir='ltr'><strong>opus</strong></span> <span class='ocrx_word' id='word_1_327' title='bbox 981 3726 1068 3791; x_wconf 78' lang='lat' dir='ltr'><strong>igitur</strong></span> <span class='ocrx_word' id='word_1_328' title='bbox 1085 3725 1203 3776; x_wconf 84' lang='lat' dir='ltr'><strong>lectione</strong></span> <span class='ocrx_word' id='word_1_329' title='bbox 1222 3720 1264 3784; x_wconf 85' lang='grc' dir='ltr'><strong>είς</strong></span> <span class='ocrx_word' id='word_1_330' title='bbox 1281 3719 1369 3776; x_wconf 71' lang='grc' dir='ltr'><strong><em>πλέον</em></strong></span> <span class='ocrx_word' id='word_1_331' title='bbox 1385 3739 1432 3773; x_wconf 82' lang='lat' dir='ltr'><strong>no·</strong></span> 
     </span>
     <span class='ocr_line' id='line_1_34' title="bbox 290 3799 1432 3876; baseline -0.004 -15"><span class='ocrx_word' id='word_1_332' title='bbox 290 3826 343 3876; x_wconf 89' lang='lat' dir='ltr'><strong>que</strong></span> <span class='ocrx_word' id='word_1_333' title='bbox 362 3810 491 3862; x_wconf 86' lang='lat' dir='ltr'><strong>Lambini</strong></span> <span class='ocrx_word' id='word_1_334' title='bbox 511 3804 553 3868; x_wconf 74' lang='grc' dir='ltr'><strong>είς</strong></span> <span class='ocrx_word' id='word_1_335' title='bbox 570 3811 684 3863; x_wconf 79' lang='grc' dir='ltr'><strong><em>πλείων.</em></strong></span> <span class='ocrx_word' id='word_1_336' title='bbox 719 3812 757 3861; x_wconf 83' lang='lat' dir='ltr'><strong>Et</strong></span> <span class='ocrx_word' id='word_1_337' title='bbox 774 3810 870 3861; x_wconf 89' lang='lat' dir='ltr'><strong>dubito</strong></span> <span class='ocrx_word' id='word_1_338' title='bbox 890 3826 924 3861; x_wconf 90' lang='lat' dir='ltr'><strong>nn</strong></span> <span class='ocrx_word' id='word_1_339' title='bbox 947 3812 1053 3863; x_wconf 80' lang='grc' dir='ltr'><strong><em>πλείων</em></strong></span> <span class='ocrx_word' id='word_1_340' title='bbox 1073 3802 1143 3874; x_wconf 77' lang='grc' dir='ltr'><strong><em>πρὸς</em></strong></span> <span class='ocrx_word' id='word_1_341' title='bbox 1160 3799 1277 3862; x_wconf 76' lang='grc' dir='ltr'><strong><em>ἅπαντα</em></strong></span> <span class='ocrx_word' id='word_1_342' title='bbox 1297 3810 1432 3861; x_wconf 82' lang='lat' dir='ltr'><strong>Graecum</strong></span> 
     </span>
     <span class='ocr_line' id='line_1_35' title="bbox 291 3884 1433 3960; baseline -0.003 -13"><span class='ocrx_word' id='word_1_343' title='bbox 291 3894 344 3947; x_wconf 66' lang='lat' dir='ltr'><strong>ait)</strong></span> <span class='ocrx_word' id='word_1_344' title='bbox 373 3894 602 3946; x_wconf 86' lang='lat' dir='ltr'><strong>blarklandus.</strong></span> <span class='ocrx_word' id='word_1_345' title='bbox 644 3896 720 3945; x_wconf 85' lang='lat' dir='ltr'><strong>‘Iure</strong></span> <span class='ocrx_word' id='word_1_346' title='bbox 744 3894 860 3950; x_wconf 81' lang='lat' dir='ltr'><strong>dubitat.</strong></span> <span class='ocrx_word' id='word_1_347' title='bbox 903 3897 1005 3947; x_wconf 77' lang='lat' dir='ltr'><strong>(irenei</strong></span> <span class='ocrx_word' id='word_1_348' title='bbox 1026 3896 1122 3945; x_wconf 84' lang='lat' dir='ltr'><strong>dieunt</strong></span> <span class='ocrx_word' id='word_1_349' title='bbox 1144 3894 1190 3946; x_wconf 82' lang='grc' dir='ltr'><strong>πλ.</strong></span> <span class='ocrx_word' id='word_1_350' title='bbox 1212 3886 1284 3960; x_wconf 76' lang='grc' dir='ltr'><strong><em>παρ’</em></strong></span> <span class='ocrx_word' id='word_1_351' title='bbox 1308 3884 1433 3957; x_wconf 78' lang='grc' dir='ltr'><strong><em>ἅπαντα,</em></strong></span> 
     </span>
     <span class='ocr_line' id='line_1_36' title="bbox 291 3969 1433 4047; baseline 0.002 -17"><span class='ocrx_word' id='word_1_352' title='bbox 291 3996 344 4031; x_wconf 81' lang='lat' dir='ltr'><strong>iton</strong></span> <span class='ocrx_word' id='word_1_353' title='bbox 362 3982 407 4031; x_wconf 89' lang='grc' dir='ltr'><strong>πλ.</strong></span> <span class='ocrx_word' id='word_1_354' title='bbox 425 3973 495 4045; x_wconf 75' lang='grc' dir='ltr'><strong><em>πρὸς</em></strong></span> <span class='ocrx_word' id='word_1_355' title='bbox 513 3969 647 4033; x_wconf 55' lang='grc' dir='ltr'><strong><em>ἅπαντα]</em></strong></span> <span class='ocrx_word' id='word_1_356' title='bbox 668 3981 886 4032; x_wconf 83' lang='lat' dir='ltr'><strong>Seheesarue.</strong></span> <span class='ocrx_word' id='word_1_357' title='bbox 923 3980 966 4033; x_wconf 85' lang='lat' dir='ltr'><strong>Cl.</strong></span> <span class='ocrx_word' id='word_1_358' title='bbox 984 3980 1084 4045; x_wconf 82' lang='lat' dir='ltr'><strong>Symm.</strong></span> <span class='ocrx_word' id='word_1_359' title='bbox 1103 3982 1127 4041; x_wconf 82' lang='lat'><strong>§.</strong></span> <span class='ocrx_word' id='word_1_360' title='bbox 1145 3983 1191 4033; x_wconf 68' lang='lat' dir='ltr'><strong>ab:</strong></span> <span class='ocrx_word' id='word_1_361' title='bbox 1212 3972 1244 4032; x_wconf 71' lang='grc' dir='ltr'><strong>ἐν</strong></span> <span class='ocrx_word' id='word_1_362' title='bbox 1260 3973 1351 4046; x_wconf 71' lang='grc' dir='ltr'><strong><em>ταύτῃ</em></strong></span> <span class='ocrx_word' id='word_1_363' title='bbox 1369 3972 1433 4047; x_wconf 73' lang='grc' dir='ltr'><strong><em>χρή-</em></strong></span> 
     </span>
     <span class='ocr_line' id='line_1_37' title="bbox 292 4056 1433 4131; baseline -0.002 -15"><span class='ocrx_word' id='word_1_364' title='bbox 292 4056 358 4130; x_wconf 82' lang='grc' dir='ltr'><strong><em>ματ’</em></strong></span> <span class='ocrx_word' id='word_1_365' title='bbox 384 4058 461 4117; x_wconf 79' lang='grc' dir='ltr'><strong><em>ἐστίν</em></strong></span> <span class='ocrx_word' id='word_1_366' title='bbox 488 4062 540 4127; x_wconf 84' lang='lat' dir='ltr'><strong>(sie</strong></span> <span class='ocrx_word' id='word_1_367' title='bbox 558 4082 590 4131; x_wconf 89' lang='lat' dir='ltr'><strong>pr</strong></span> <span class='ocrx_word' id='word_1_368' title='bbox 611 4066 649 4128; x_wconf 86' lang='grc' dir='ltr'><strong>Σ,</strong></span> <span class='ocrx_word' id='word_1_369' title='bbox 674 4066 746 4131; x_wconf 90' lang='lat' dir='ltr'><strong>quod</strong></span> <span class='ocrx_word' id='word_1_370' title='bbox 768 4067 915 4117; x_wconf 84' lang='lat' dir='ltr'><strong>restituere</strong></span> <span class='ocrx_word' id='word_1_371' title='bbox 938 4065 1074 4118; x_wconf 78' lang='lat' dir='ltr'><strong>debebam</strong></span> <span class='ocrx_word' id='word_1_372' title='bbox 1096 4065 1159 4117; x_wconf 88' lang='lat' dir='ltr'><strong>loeo</strong></span> <span class='ocrx_word' id='word_1_373' title='bbox 1181 4065 1289 4131; x_wconf 82' lang='lat' dir='ltr'><strong>vulgati</strong></span> <span class='ocrx_word' id='word_1_374' title='bbox 1312 4059 1433 4128; x_wconf 75' lang='grc' dir='ltr'><strong>ἔνεστιν)</strong></span> 
     </span>
     <span class='ocr_line' id='line_1_38' title="bbox 292 4140 1434 4215; baseline -0.003 -12"><span class='ocrx_word' id='word_1_375' title='bbox 292 4142 390 4215; x_wconf 75' lang='grc' dir='ltr'><strong><em>ὀλίγον</em></strong></span> <span class='ocrx_word' id='word_1_376' title='bbox 408 4144 463 4201; x_wconf 78' lang='lat' dir='ltr'><strong>tto</strong></span> <span class='ocrx_word' id='word_1_377' title='bbox 481 4142 552 4214; x_wconf 73' lang='grc' dir='ltr'><strong><em>πρὸς</em></strong></span> <span class='ocrx_word' id='word_1_378' title='bbox 570 4144 683 4209; x_wconf 75' lang='grc' dir='ltr'><strong><em>ἁπάσας</em></strong></span> <span class='ocrx_word' id='word_1_379' title='bbox 700 4143 752 4211; x_wconf 77' lang='grc' dir='ltr'><strong><em>τοὶς</em></strong></span> <span class='ocrx_word' id='word_1_380' title='bbox 769 4140 859 4212; x_wconf 78' lang='grc' dir='ltr'><strong><em>ἄλλος</em></strong></span> <span class='ocrx_word' id='word_1_381' title='bbox 878 4147 972 4203; x_wconf 79' lang='grc' dir='ltr'><strong><em>εἰπεῖν</em></strong></span> <span class='ocrx_word' id='word_1_382' title='bbox 989 4142 1094 4210; x_wconf 80' lang='grc' dir='ltr'><strong><em>πόλεις.</em></strong></span> <span class='ocrx_word' id='word_1_383' title='bbox 1130 4151 1217 4205; x_wconf 86' lang='lat' dir='ltr'><strong>Thoe.</strong></span> <span class='ocrx_word' id='word_1_384' title='bbox 1231 4151 1292 4215; x_wconf 86' lang='lat' dir='ltr'>VII,</span> <span class='ocrx_word' id='word_1_385' title='bbox 1310 4153 1343 4203; x_wconf 75' lang='lat'><strong>58</strong></span> <span class='ocrx_word' id='word_1_386' title='bbox 1362 4157 1434 4201; x_wconf 82' lang='lat' dir='ltr'><strong>extr:</strong></span> 
     </span>
     <span class='ocr_line' id='line_1_39' title="bbox 293 4222 1435 4302; baseline -0.002 -15"><span class='ocrx_word' id='word_1_387' title='bbox 293 4227 362 4299; x_wconf 81' lang='grc' dir='ltr'><strong><em>πρὸς</em></strong></span> <span class='ocrx_word' id='word_1_388' title='bbox 384 4225 516 4295; x_wconf 77' lang='grc' dir='ltr'><strong><em>ἅπαντας</em></strong></span> <span class='ocrx_word' id='word_1_389' title='bbox 539 4222 628 4294; x_wconf 70' lang='grc' dir='ltr'><strong><em>αὖθις</em></strong></span> <span class='ocrx_word' id='word_1_390' title='bbox 653 4227 689 4295; x_wconf 76' lang='grc' dir='ltr'><strong>ὡς</strong></span> <span class='ocrx_word' id='word_1_391' title='bbox 714 4232 807 4289; x_wconf 77' lang='grc' dir='ltr'><strong><em>εἰπεῖν</em></strong></span> <span class='ocrx_word' id='word_1_392' title='bbox 830 4232 897 4296; x_wconf 75' lang='grc' dir='ltr'><strong><em>τοὺς</em></strong></span> <span class='ocrx_word' id='word_1_393' title='bbox 919 4224 1023 4297; x_wconf 70' lang='grc' dir='ltr'><strong><em>ἄλλους</em></strong></span> <span class='ocrx_word' id='word_1_394' title='bbox 1044 4228 1219 4302; x_wconf 73' lang='grc' dir='ltr'><strong><em>Συρακόσιοι</em></strong></span> <span class='ocrx_word' id='word_1_395' title='bbox 1242 4229 1325 4288; x_wconf 73' lang='grc' dir='ltr'><strong><em>αὐτοὶ</em></strong></span> <span class='ocrx_word' id='word_1_396' title='bbox 1347 4236 1435 4287; x_wconf 81' lang='grc' dir='ltr'><strong><em>πλείω</em></strong></span> 
     </span>
     <span class='ocr_line' id='line_1_40' title="bbox 295 4311 1435 4387; baseline 0 -16"><span class='ocrx_word' id='word_1_397' title='bbox 295 4313 470 4385; x_wconf 73' lang='grc' dir='ltr'><strong><em>ἐπορίσαντο.</em></strong></span> <span class='ocrx_word' id='word_1_398' title='bbox 507 4322 596 4387; x_wconf 81' lang='lat' dir='ltr'><strong>Atque</strong></span> <span class='ocrx_word' id='word_1_399' title='bbox 616 4337 630 4371; x_wconf 82' lang='grc' dir='ltr'><strong>ο</strong></span> <span class='ocrx_word' id='word_1_400' title='bbox 649 4320 762 4373; x_wconf 79' lang='lat' dir='ltr'><strong>collatio</strong></span> <span class='ocrx_word' id='word_1_401' title='bbox 774 4322 906 4372; x_wconf 86' lang='lat' dir='ltr'><strong>Herodot.</strong></span> <span class='ocrx_word' id='word_1_402' title='bbox 920 4322 986 4372; x_wconf 86' lang='lat' dir='ltr'>VIII</span> <span class='ocrx_word' id='word_1_403' title='bbox 999 4324 1033 4371; x_wconf 73' lang='lat'><strong>44</strong></span> <span class='ocrx_word' id='word_1_404' title='bbox 1045 4311 1192 4386; x_wconf 71' lang='grc' dir='ltr'><strong><em>Ἀθηναῖοι</em></strong></span> <span class='ocrx_word' id='word_1_405' title='bbox 1209 4314 1262 4385; x_wconf 70' lang='grc' dir='ltr'><strong>μὲν</strong></span> <span class='ocrx_word' id='word_1_406' title='bbox 1280 4312 1435 4383; x_wconf 77' lang='grc' dir='ltr'><strong><em>πρόρποίν·</em></strong></span> 
     </span>
     <span class='ocr_line' id='line_1_41' title="bbox 296 4398 1436 4473; baseline -0.002 -16"><span class='ocrx_word' id='word_1_407' title='bbox 296 4421 344 4463; x_wconf 73' lang='grc' dir='ltr'><strong>τας</strong></span> <span class='ocrx_word' id='word_1_408' title='bbox 365 4398 431 4464; x_wconf 75' lang='grc' dir='ltr'><strong><em>τοὺς</em></strong></span> <span class='ocrx_word' id='word_1_409' title='bbox 453 4399 557 4465; x_wconf 74' lang='grc' dir='ltr'><strong><em>ἄλλους</em></strong></span> <span class='ocrx_word' id='word_1_410' title='bbox 578 4398 769 4472; x_wconf 73' lang='grc' dir='ltr'><strong><em>παρεχόμενοι</em></strong></span> <span class='ocrx_word' id='word_1_411' title='bbox 792 4405 865 4473; x_wconf 81' lang='grc' dir='ltr'><strong><em>νῆας</em></strong></span> <span class='ocrx_word' id='word_1_412' title='bbox 888 4398 937 4471; x_wconf 85' lang='grc' dir='ltr'><strong>ρπ’</strong></span> <span class='ocrx_word' id='word_1_413' title='bbox 961 4406 1066 4473; x_wconf 79' lang='grc' dir='ltr'><strong><em>μοῦνοι</em></strong></span> <span class='ocrx_word' id='word_1_414' title='bbox 1089 4422 1149 4456; x_wconf 84' lang='lat' dir='ltr'><strong>eum</strong></span> <span class='ocrx_word' id='word_1_415' title='bbox 1172 4422 1233 4471; x_wconf 87' lang='lat' dir='ltr'><strong>eap.</strong></span> <span class='ocrx_word' id='word_1_416' title='bbox 1251 4407 1285 4456; x_wconf 78' lang='lat'><strong>48</strong></span> <span class='ocrx_word' id='word_1_417' title='bbox 1307 4405 1436 4470; x_wconf 80' lang='lat' dir='ltr'><strong>probarit</strong></span> 
     </span>
     <span class='ocr_line' id='line_1_42' title="bbox 296 4484 1436 4557; baseline 0.002 -18"><span class='ocrx_word' id='word_1_418' title='bbox 296 4490 432 4541; x_wconf 71' lang='lat' dir='ltr'><strong>Boelrbins</strong></span> <span class='ocrx_word' id='word_1_419' title='bbox 451 4491 554 4543; x_wconf 86' lang='lat' dir='ltr'><strong>Oecon.</strong></span> <span class='ocrx_word' id='word_1_420' title='bbox 578 4490 641 4542; x_wconf 85' lang='lat' dir='ltr'><strong>&#39;r.1</strong></span> <span class='ocrx_word' id='word_1_421' title='bbox 663 4506 691 4557; x_wconf 90' lang='lat' dir='ltr'><strong>p.</strong></span> <span class='ocrx_word' id='word_1_422' title='bbox 710 4493 757 4541; x_wconf 91' lang='lat' dir='ltr'><strong>lll</strong></span> <span class='ocrx_word' id='word_1_423' title='bbox 776 4494 814 4543; x_wconf 72' lang='lat'><strong>‘2⁸⁰</strong></span> <span class='ocrx_word' id='word_1_424' title='bbox 838 4484 914 4543; x_wconf 77' lang='grc' dir='ltr'><strong><em>εἶναι</em></strong></span> <span class='ocrx_word' id='word_1_425' title='bbox 938 4484 1008 4555; x_wconf 80' lang='grc' dir='ltr'><strong><em>πρός</em></strong></span> <span class='ocrx_word' id='word_1_426' title='bbox 1026 4507 1053 4541; x_wconf 84' lang='grc' dir='ltr'><strong>τι</strong></span> <span class='ocrx_word' id='word_1_427' title='bbox 1075 4506 1130 4541; x_wconf 91' lang='lat' dir='ltr'><strong>non</strong></span> <span class='ocrx_word' id='word_1_428' title='bbox 1151 4507 1213 4542; x_wconf 82' lang='lat' dir='ltr'><strong>esee</strong></span> <span class='ocrx_word' id='word_1_429' title='bbox 1232 4491 1251 4542; x_wconf 89' lang='lat' dir='ltr'><strong>i.</strong></span> <span class='ocrx_word' id='word_1_430' title='bbox 1270 4506 1295 4555; x_wconf 89' lang='lat' dir='ltr'><strong>q.</strong></span> <span class='ocrx_word' id='word_1_431' title='bbox 1314 4506 1436 4556; x_wconf 77' lang='lat' dir='ltr'><strong>aequore.</strong></span> 
     </span>
     <span class='ocr_line' id='line_1_43' title="bbox 297 4574 1436 4642; baseline 0 -17"><span class='ocrx_word' id='word_1_432' title='bbox 297 4575 343 4626; x_wconf 80' lang='lat' dir='ltr'><strong>aad</strong></span> <span class='ocrx_word' id='word_1_433' title='bbox 363 4591 446 4641; x_wconf 83' lang='lat' dir='ltr'><strong>prope</strong></span> <span class='ocrx_word' id='word_1_434' title='bbox 468 4578 601 4629; x_wconf 76' lang='lat' dir='ltr'><strong>arrodere.</strong></span> <span class='ocrx_word' id='word_1_435' title='bbox 643 4574 685 4631; x_wconf 80' lang='lat' dir='ltr'><strong>Oi.</strong></span> <span class='ocrx_word' id='word_1_436' title='bbox 705 4576 858 4629; x_wconf 85' lang='lat' dir='ltr'><strong>Bernhard.</strong></span> <span class='ocrx_word' id='word_1_437' title='bbox 882 4576 959 4640; x_wconf 82' lang='lat' dir='ltr'><strong>Syut.</strong></span> <span class='ocrx_word' id='word_1_438' title='bbox 983 4593 1009 4642; x_wconf 91' lang='lat' dir='ltr'><strong>p.</strong></span> <span class='ocrx_word' id='word_1_439' title='bbox 1028 4576 1086 4627; x_wconf 76' lang='lat'><strong>265.</strong></span> <span class='ocrx_word' id='word_1_440' title='bbox 1128 4576 1206 4637; x_wconf 86' lang='lat' dir='ltr'><strong>Quod</strong></span> <span class='ocrx_word' id='word_1_441' title='bbox 1229 4574 1253 4625; x_wconf 88' lang='lat' dir='ltr'><strong>ai</strong></span> <span class='ocrx_word' id='word_1_442' title='bbox 1274 4575 1385 4625; x_wconf 82' lang='lat' dir='ltr'><strong>Pitalria</strong></span> <span class='ocrx_word' id='word_1_443' title='bbox 1407 4578 1436 4625; x_wconf 89' lang='lat' dir='ltr'><strong>in</strong></span> 
     </span>
     <span class='ocr_line' id='line_1_44' title="bbox 298 4654 1436 4727; baseline 0 -16"><span class='ocrx_word' id='word_1_444' title='bbox 298 4659 437 4727; x_wconf 83' lang='lat' dir='ltr'><strong>Philologo</strong></span> <span class='ocrx_word' id='word_1_445' title='bbox 463 4660 495 4710; x_wconf 83' lang='lat' dir='ltr'><strong>T.</strong></span> <span class='ocrx_word' id='word_1_446' title='bbox 520 4662 586 4712; x_wconf 93' lang='lat' dir='ltr'>VIII</span> <span class='ocrx_word' id='word_1_447' title='bbox 613 4664 627 4709; x_wconf 79' lang='lat'>3</span> <span class='ocrx_word' id='word_1_448' title='bbox 656 4677 681 4727; x_wconf 86' lang='lat' dir='ltr'><strong>p.</strong></span> <span class='ocrx_word' id='word_1_449' title='bbox 707 4663 756 4711; x_wconf 75' lang='lat'><strong>524</strong></span> <span class='ocrx_word' id='word_1_450' title='bbox 783 4666 957 4727; x_wconf 77' lang='lat' dir='ltr'><strong>reputasset,</strong></span> <span class='ocrx_word' id='word_1_451' title='bbox 993 4676 1047 4710; x_wconf 89' lang='lat' dir='ltr'><strong>non</strong></span> <span class='ocrx_word' id='word_1_452' title='bbox 1075 4659 1238 4711; x_wconf 72' lang='lat' dir='ltr'><strong>(infunderet</strong></span> <span class='ocrx_word' id='word_1_453' title='bbox 1265 4654 1307 4719; x_wconf 74' lang='lat' dir='ltr'><strong>ric</strong></span> <span class='ocrx_word' id='word_1_454' title='bbox 1334 4655 1436 4719; x_wconf 75' lang='grc' dir='ltr'><strong><em>πλέον,</em></strong></span> 
     </span>
    </p>
   </div>
   <div class='ocr_carea' id='block_1_9' title="bbox 1190 4744 1235 4807">
    <p class='ocr_par' dir='ltr' id='par_1_10' title="bbox 1190 4744 1235 4807">
     <span class='ocr_line' id='line_1_45' title="bbox 1190 4744 1235 4807; baseline 0 -26"><span class='ocrx_word' id='word_1_455' title='bbox 1190 4744 1235 4807; x_wconf 72' lang='grc'><strong>4*</strong></span> 
     </span>
    </p>
   </div>
   <div class='ocr_carea' id='block_1_10' title="bbox 0 0 1999 5609">
    <p class='ocr_par' dir='ltr' id='par_1_11' title="bbox 0 0 1999 5609">
     <span class='ocr_line' id='line_1_46' title="bbox 0 0 1999 5609; baseline 0 0"><span class='ocrx_word' id='word_1_456' title='bbox 0 0 1999 5609; x_wconf 95' lang='lat' dir='ltr'><strong> </strong></span> 
     </span>
    </p>
   </div>
  </div>
 </body>
</html>
