3950 5609
548 584 768 633 neuoerssnnrs
784 586 835 631 on.
851 584 1015 631 ruvereus
1029 584 1197 630 nucerinen.
1399 562 1441 626 33

294 736 357 815 ἔξω
379 740 441 801 τοῦ
460 736 578 815 τέλους
604 738 668 803 elol
690 736 823 802 τούτου.
863 732 993 802 οὐκοῦν
1018 736 1150 802 τούτων
1169 733 1232 820 μὲν
1252 729 1441 817 οὐδετέρων

294 835 408 936 οὐδεὶς
429 835 486 903 διὰ
505 836 565 905 τὸν
580 840 687 925 νόμον
708 837 809 927 ἡμῖν8
830 838 1007 925 repostorem
1031 836 1183 923 χορηγός.
1231 836 1301 921 (20)
1323 832 1441 899 εἈλλοὶ

294 937 337 1024 νὴ
358 944 444 1024 Δία,
467 941 514 1019 εἰς
533 937 592 1019 τοὶς
611 946 681 1007 τῶν
701 944 866 1027 μετοίκων
882 943 1093 1023 λειτουργίας
1115 939 1255 1016 ελςποιεῑ
1270 937 1442 1014 πολλούς’

292 1040 379 1106 Ἀλλ’
393 1038 455 1109 ἐὰν
467 1044 559 1129 δείξῃ
572 1042 701 1109 πέντε·1
720 1040 786 1126 ἐγώ
800 1048 916 1129 ληρεῖν
928 1040 1095 1127 ὁμολογῶ.
1126 1041 1228 1126 Opem
1243 1043 1368 1106 τοίνυν·
1375 1036 1441 1123 ε’γώ
1450 1054 1501 1105 tte

293 1142 338 1231 μὴ
360 1148 516 1210 τοιοῦτον
537 1139 625 1211 εἶναι
645 1146 782 1229 τοῦτο,2
804 1141 889 1211 ἀλλὰ
904 1144 979 1209 καί3
1001 1148 1070 1210 τῶν
1085 1146 1251 1229 μετοίκων
1265 1144 1442 1219 πλείονας*

292 1244 335 1330 ἥδ
364 1248 585 1331 τοσούτους,ὓ
615 1244 694 1314 doinst
724 1246 742 1312 ὁ
772 1247 874 1332 νόμος
902 1250 1006 1332 τεθῇ,
1036 1243 1116 1324 τούς
1141 1248 1442 1328 λειτουργοῦντος8

294 1444 407 1501 ηολοτοο
422 1452 513 1501 nutem
530 1460 613 1518 quurn
629 1444 810 1500 necessarlum
826 1442 1026 1501 immunitatem
1040 1440 1172 1506 babeant,
1191 1450 1267 1498 extre
1281 1442 1355 1499 buno
1369 1443 1441 1499 ordi·

294 1546 356 1586 nem
377 1538 449 1585 sunt.
501 1528 595 1603 lteque
620 1530 711 1586 neutri
736 1528 833 1585 horum
855 1534 970 1603 propter
990 1528 1061 1585 bene
1079 1527 1169 1602 legem
1192 1544 1291 1585 munus
1317 1527 1441 1585 obibunt.

293 1612 356 1687 (20)
379 1614 431 1670 ‘nt
451 1630 501 1688 per
520 1614 610 1671 lovem
630 1616 658 1671 in
681 1612 878 1688 inquilinorum
900 1612 1026 1687 liturgias
1047 1614 1149 1687 ingerit
1169 1612 1298 1670 multos.'
1342 1613 1440 1669 Verum

294 1700 318 1754 si
339 1700 461 1774 quinque
483 1715 515 1755 ex
535 1696 589 1755 illis
611 1698 851 1765 demonstraverim
878 1715 930 1772 ego
950 1714 995 1755 me
1014 1696 1131 1754 delirare
1152 1697 1294 1755 confiteor.
1337 1698 1391 1755 Sed
1410 1706 1442 1755 ut

294 1784 438 1841 concedam
459 1783 539 1840 aliter
559 1784 612 1841 lruc
633 1800 662 1841 se
678 1783 792 1847 bebere.
815 1792 842 1841 et
857 1784 988 1841 maiorem
1004 1784 1086 1841 etiem
1101 1783 1299 1857 inquilinorum
1313 1800 1375 1841 esse
1390 1800 1441 1841 nu·

290 1885 410 1932 snorum.
426 1870 473 1943 qui
489 1868 550 1945 lege
566 1868 669 1943 perlate
684 1885 796 1927 munere
812 1868 913 1926 obituri
929 1870 994 1933 sint.
1017 1876 1044 1925 et
1059 1869 1157 1926 civium
1171 1870 1307 1927 neminem
1327 1878 1442 1944 propter

465 2003 496 2011 -ι-

358 2069 386 2137 8)
405 2059 476 2136 ὑμῖν
495 2069 594 2124 Vindl.

358 2165 410 2229 20.
447 2170 474 2238 1)
491 2165 577 2223 ciete
595 2163 701 2238 μόνους
719 2172 787 2225 Mor.
801 2198 835 2209 -
852 2166 938 2226 πέντε
956 2163 1047 2238 μόνον
1064 2171 1152 2239 Augl.
1169 2170 1195 2221 le.
1213 2188 1235 2223 τ.
1253 2200 1287 2209 -
1304 2168 1390 2225 πέντε
1405 2172 1439 2225 Σ.

290 2255 395 2308 Lean.
414 2257 490 2323 vulg.
532 2255 569 2307 ‘A
591 2256 729 2323 pluribus,
752 2256 864 2324 scriptis
886 2263 914 2309 et
937 2257 1032 2322 editis,
1056 2248 1156 2309 molino
1180 2256 1260 2308 ebert
1281 2252 1372 2323 μόνον
1394 2257 1441 2308 vel

289 2332 397 2407 μόνους
415 2340 550 2407 scholion,
570 2341 642 2407 qnod
660 2341 730 2393 olibi
749 2355 855 2407 qnoque
874 2342 902 2391 in
920 2342 1101 2408 scriptoribus
1119 2343 1175 2393 rim
1193 2342 1327 2394 sermonis
1345 2343 1439 2409 tregit.

292 2426 335 2476 Gi,
360 2426 395 2477 nd
416 2443 443 2493 p.
461 2428 524 2485 ltu,
548 2423 601 2479 263
634 2426 685 2477 Fr.
708 2425 741 2475 A.
764 2424 921 2481 Woliins.
997 2427 1024 2491 2)
1046 2425 1151 2479 τοῦτον
1171 2424 1211 2481 st
1237 2426 1268 2480 Τ.
1290 2442 1315 2481 r.
1336 2426 1437 2477 Vindl.

290 2512 317 2579 3)
336 2506 386 2563 ecl
410 2527 453 2563 om
470 2511 496 2566 le.
565 2510 593 2577 t)
613 2502 690 2563 eleut
712 2510 849 2572 πλείονας
872 2511 933 2566 Ald.
959 2512 1028 2565 Mor.
1050 2538 1085 2548 —
1108 2504 1186 2564 eleut
1209 2527 1252 2563 om
1274 2510 1309 2564 Σ.
1331 2511 1437 2563 Lens.

289 2596 364 2663 vulg.
389 2622 420 2631 —
450 2596 524 2663 ‘Ego
550 2596 675 2663 proiecto
704 2588 781 2649 eleon
805 2612 898 2649 verum
920 2596 1069 2649 lectionem
1092 2612 1153 2649 esse
1177 2596 1298 2648 arbitror
1323 2600 1351 2648 et
1371 2599 1438 2648 reti-

290 2680 409 2733 nendum
441 2678 502 2733 loeo
528 2679 582 2732 tori
610 2672 742 2746 ἔσεσθαι,
775 2682 847 2749 quod
879 2680 1004 2733 nonnulli
1033 2681 1162 2734 edlevere
1189 2682 1246 2733 suis
1274 2680 1439 2749 exemplari·

290 2766 340 2817 bue
363 2770 476 2833 propter
501 2755 653 2833 ὑπάρξειν,
684 2766 756 2833 quod
782 2765 931 2833 sequitur)
962 2766 1137 2832 Teylorue.
1184 2766 1331 2819 Sententia
1359 2767 1438 2833 flegi-

289 2856 332 2902 tet
349 2851 479 2905 futurum.
509 2842 587 2903 elenu
610 2852 832 2919 eeuperinribus
855 2853 1003 2919 repetitum
1022 2857 1072 2906 est.
1147 2852 1174 2916 b)
1193 2839 1212 2917 ἢ
1228 2849 1269 2906 Ω.
1338 2852 1365 2916 6)
1384 2852 1439 2902 ‘td

288 2936 432 2987 arbitrium
454 2950 531 2987 suum
554 2936 685 2989 Reislriue
708 2938 816 3004 recepit
838 2924 858 3005 ἦ
880 2934 935 2998 etc
957 2932 1125 3003 τοσούτους,
1147 2937 1336 3001 beelteem,
1359 2936 1438 3003 plec-

289 3022 372 3073 dente
402 3021 539 3088 Augerio,
578 3022 627 3073 eod
656 3038 691 3073 ne
721 3038 775 3074 uno
810 3022 920 3088 quidem
955 3022 1050 3075 codice
1086 3020 1232 3073 addicente
1267 3039 1320 3073 nec
1354 3037 1438 3073 sensu

288 3108 415 3167 iubente,
445 3108 550 3173 potins,
580 3106 605 3158 si
632 3107 697 3173 quid
725 3106 831 3169 iudico,
867 3107 1034 3159 adversante
1061 3108 1255 3174 progressione
1284 3108 1438 3158 sententio-

289 3208 359 3252 rnm,
396 3207 467 3258 queo
496 3190 620 3244 solennie
648 3192 738 3259 ligure
768 3196 810 3243 est
839 3191 1001 3245 oratorum’
1041 3194 1093 3245 Fr⁴
1116 3192 1150 3242 A.
1174 3190 1330 3243 Woliiue.
1371 3193 1437 3243 ‘Fe-

290 3277 365 3328 iellit
380 3276 524 3328 Reislrinm
547 3277 616 3342 quod
639 3276 744 3343 legitur
766 3292 806 3329 vs.
829 3280 854 3329 9.
898 3276 953 3329 Sed
975 3278 1029 3328 hoc
1052 3278 1142 3343 iprum
1164 3281 1240 3328 reete
1263 3276 1437 3329 intellectum

289 3361 372 3413 docet
389 3366 527 3413 oratorem
545 3360 614 3411 nibil
634 3362 779 3428 scripsisse
798 3362 852 3413 nisi
870 3354 1042 3422 τοσούτους.ἱ
1062 3360 1284 3413 Schoeierue.
1354 3361 1381 3428 ἵ)
1400 3352 1438 3415 ἂν

288 3443 329 3500 Ω.
348 3446 430 3497 Licd.
449 3445 546 3497 Vindl.
565 3447 591 3499 t.
610 3445 646 3497 ll.
665 3445 730 3497 Mel.
800 3446 827 3514 8)
846 3438 913 3506 τούς
930 3439 978 3500 ολελ
995 3444 1232 3513 λειτουργοῦντας
1248 3446 1324 3514 vulg.
1336 3472 1372 3485 -
1388 3439 1437 3499 det

289 3546 332 3583 om
351 3530 385 3585 Σ.
404 3530 508 3585 LeurS.
528 3530 746 3598 Aug1.lr.prll.
781 3532 960 3584 Doiendebot
978 3523 1025 3584 det
1042 3532 1270 3583 Westermnnnue
1288 3532 1366 3582 Dier.
1382 3531 1436 3582 An·

289 3617 337 3683 tiq.
358 3616 423 3667 1844
441 3632 466 3683 p.
480 3618 530 3669 nte
548 3632 587 3683 eq.
606 3616 794 3669 necessarium
813 3618 885 3667 onim
904 3622 1001 3669 censet
1019 3616 1193 3679 adverbium,
1212 3616 1282 3682 quod
1301 3614 1436 3668 scholium
1516 3674 1533 3687 ‚

287 3700 416 3753 vitientur
433 3717 488 3771 non
506 3717 583 3767 esee,
603 3701 639 3753 ud
657 3700 839 3753 definiendum
858 3694 966 3768 tempus
984 3719 1034 3769 pro
1052 3704 1194 3754 sententio
1211 3702 1330 3753 oratoris
1343 3706 1436 3753 osten·

288 3788 358 3852 suri,
378 3802 460 3852 quern
478 3802 573 3853 porum
592 3786 655 3853 lege
674 3786 811 3854 Leptinen
831 3787 934 3837 exietct
952 3786 1178 3852 emolumentum,
1205 3800 1286 3851 quum
1303 3790 1362 3838 toto
1382 3788 1435 3837 eir·

288 3860 360 3935 culo,
380 3872 442 3922 dum
462 3870 496 3923 erl
516 3872 625 3924 eosdem
643 3872 797 3925 neceeeitns
810 3872 898 3923 officii
911 3872 1025 3933 rediret,
1045 3873 1165 3939 quinque
1177 3876 1284 3923 tentum
1296 3872 1435 3923 hominum

288 3972 415 4009 numerus
428 3972 539 4008 munero
553 3956 725 4023 iungentium
739 3963 896 4027 augeretur.
922 3958 964 4009 Ad
976 3958 1050 4009 hunc
1063 3958 1197 4010 circulum
1209 3956 1358 4009 referendo
1372 3972 1434 4007 esse

287 4042 312 4103 §-
330 4044 363 4092 22
381 4034 460 4107 παρὰ
477 4033 572 4094 πάντα
590 4033 641 4093 τὸν
666 4035 781 4109 χρόνον,
810 4044 881 4110 quod
904 4044 1059 4110 oppositum
1083 4047 1127 4095 eet
1149 4044 1173 4104 5.
1190 4044 1222 4092 21
1247 4032 1314 4093 κατ’
1339 4032 1433 4093 ἐντυν-

288 4119 352 4192 τόν,
380 4126 416 4178 nd
438 4126 511 4178 idem
534 4126 601 4178 illud
619 4127 792 4178 referendum
816 4144 876 4180 esse
895 4129 936 4179 eit
959 4130 1044 4179 etium
1066 4130 1090 4190 §-
1109 4130 1143 4179 28
1165 4115 1252 4189 ἅπαξ.
1292 4126 1434 4178 Accedere

288 4208 359 4277 quod
377 4200 424 4264 det
441 4211 597 4278 neglectum
616 4213 653 4263 eit
670 4212 790 4263 iorteoee
808 4217 921 4279 propter
942 4218 1103 4279 sequentem
1122 4211 1258 4277 syllebom
1276 4211 1327 4262 ire.
1361 4210 1433 4262 Vere

288 4297 398 4363 quidem
422 4296 493 4348 boec
515 4296 649 4363 pleraque
671 4298 845 4349 doctissimus
868 4298 1108 4356 woutermannus,
1136 4301 1261 4347 ettamen
1282 4295 1350 4345 mibi
1373 4296 1433 4361 qni·

287 4382 348 4434 dem
371 4380 481 4434 ridetur
502 4372 548 4434 ολελ
571 4382 666 4435 deberi
692 4382 752 4434 sire
775 4384 955 4449 sequentibus
976 4382 1066 4434 literis
1088 4382 1147 4432 sive
1170 4381 1367 4447 interpretanti
1387 4380 1434 4432 rel

288 4466 445 4519 occurctius
468 4466 612 4518 definienti
635 4466 730 4519 elicui.
766 4470 867 4520 Verum
891 4467 986 4518 addito
1008 4467 1062 4519 boc
1085 4465 1216 4518 adverbio
1238 4466 1380 4517 eontentio
1403 4466 1434 4517 tit

287 4552 433 4620 impedite,
458 4552 635 4619 obeouretnr,
661 4553 864 4619 argumentatio
887 4549 1059 4606 debilitetur.
1090 4551 1254 4619 simpliciter
1276 4552 1350 4602 enim
1374 4550 1432 4616 ugi-

287 4642 331 4689 tnr
349 4637 382 4687 de
400 4651 511 4689 numero
529 4636 691 4703 liturgorunr
711 4636 846 4704 ungendo.
881 4636 943 4689 Non
966 4642 1041 4689 eeset
1057 4641 1115 4689 tem
1132 4642 1228 4703 turpe,
1251 4637 1276 4688 si
1294 4636 1433 4703 Leptinen

339 4736 478 4775 onuosru.
495 4737 561 4775 nov.
580 4737 661 4777 cerr.
1208 4720 1229 4784 3

633 4810 643 4829 .
