3950 5609
547 534 768 576 DEMOSTHENIS
784 534 835 575 ΟΒ.
853 534 1015 576 ADVERSUS
1029 532 1198 578 nerninem.
1401 515 1442 581 69

293 681 335 747 οἰ
361 686 429 747 νῦν
454 677 715 766 ἀφαιρούμενοι,
749 678 909 747 ἀπολύειί
935 686 1034 747 τοῦτο
1058 678 1126 767 τῆν’
1145 684 1348 769 αἰσχύνην,8
1374 682 1436 750 ἀλλ

277 780 383 849 ἀὐτό
413 781 475 869 dri*
510 788 609 849 τοῦτο
646 784 701 849 καὶ
736 781 773 849 τό
808 783 922 849 δεινόν
957 783 1082 849 enerve
1125 786 1156 849 εἰ
1190 783 1256 870 γὰρ
1290 787 1347 851 οἰθ
1380 786 1443 872 μὲν

294 886 446 963 εἰθότες7
486 884 549 951 καὶ*
581 885 770 965 παθόντες8
810 883 885 965 ἄξια
925 886 1090 952 ιοότων9-
1115 886 1268 972 ἐνόμιζον
1303 882 1344 954 εὖ
1377 889 1442 954 πό-

292 1065 417 1139 detergit
433 1048 644 1139 turpitudinem.
661 1066 708 1122 sed
723 1066 776 1123 hoc
792 1068 879 1141 ipsum
896 1074 937 1123 est
953 1066 1077 1139 inprimis
1092 1075 1178 1122 atron
1208 1084 1270 1124 nem
1285 1069 1309 1123 si
1324 1068 1377 1129 illi,
1394 1073 1439 1142 qui

293 1151 350 1225 ipsi
366 1158 554 1224 cognoverunt
575 1162 602 1209 et
623 1152 727 1224 experti
749 1161 826 1217 sunt,
850 1169 880 1207 ea
898 1151 1027 1207 beneficia
1043 1157 1209 1209 censuerunt
1224 1152 1269 1208 teli
1286 1170 1441 1210 remunere-

363 1336 390 1393 2)
408 1326 543 1387 ἀπολύσει
567 1335 656 1401 Augl.
677 1352 700 1387 r.
723 1361 756 1372 -
783 1324 935 1386 όποὶλόσει
959 1334 1056 1389 Viudl.
1131 1334 1157 1399 3)
1180 1283 1234 1401 τηε
1255 1285 1396 1402 αἰσχόνηό
1416 1337 1439 1386 F

292 1416 481 1483 (nonBarii.
556 1418 583 1485 4)
603 1410 695 1484 θὴοω
709 1418 788 1470 Paul.
858 1418 885 1484 o)
911 1420 1022 1470 ‘Verius
1041 1424 1105 1484 puto
1118 1414 1173 1471 τόν
1185 1417 1289 1471 δεινῶν
1302 1411 1391 1484 ἔστιν,
1408 1426 1439 1470 ut

292 1520 317 1569 p.
337 1504 404 1567 476,
423 1506 468 1555 23:
497 1502 552 1557 τῶν
571 1500 723 1571 αἰσχίστων
742 1496 808 1556 ἐστι’.
839 1503 948 1569 plenius
967 1520 993 1570 p.
1012 1507 1076 1568 498,
1097 1506 1123 1553 1:
1148 1498 1180 1556 ἕν
1197 1523 1224 1556 τι
1242 1503 1298 1557 τῶν
1315 1501 1439 1571 αἰσχρῶν

295 1580 371 1639 ἐστι’
398 1589 632 1641 ΜεεΙιΙειιᾱοε.
669 1590 802 1655 ‘Vulgata
824 1590 896 1640 bene
920 1590 1013 1641 hebet.
1043 1591 1438 1656 koeoeliprmnestimprtmr'e

292 1690 370 1737 prave
389 1680 415 1724 et
432 1672 530 1729 atron)
555 1664 726 1725 Reiskiui.
762 1674 804 1725 De
824 1674 875 1725 hoe
895 1674 1009 1725 articuli
1027 1690 1077 1725 usn
1094 1675 1158 1726 vide
1177 1676 1284 1726 Shiliet.
1303 1675 1339 1725 ed
1357 1676 1435 1726 Dem.

293 1760 311 1808 f.
331 1758 388 1824 leg.
412 1775 439 1824 p.
459 1761 492 1811 *13
510 1760 553 1811 ed.
572 1762 621 1813 2⁴⁶.
657 1759 698 1809 cf.
713 1759 789 1843 flet.
810 1759 892 1825 Gorg.
911 1776 936 1826 p.
955 1762 1003 1811 511
1022 1760 1059 1809 B:
1089 1758 1173 1812 τοῦτο
1192 1753 1228 1826 δὴ
1247 1756 1298 1811 eut
1315 1752 1347 1813 τό
1365 1751 1436 1827 ἄρα·

291 1886 442 1961 νακτρτόν.
519 1893 547 1963 6)
571 1891 599 1948 εἰ
615 1889 668 1960 γὰρ
693 1843 722 1947 ἰί
740 1895 839 1946 Vindl.
918 1895 943 1957 7)
969 1889 1096 1956 εἰδόνιες
1118 1896 1187 1947 Mor.
1210 1913 1233 1947 s.
1260 1922 1292 1933 —
1323 1890 1435 1957 ἰδόντες

292 1978 383 2030 Sehol.
403 1995 425 2031 ε.
444 2005 477 2017 -
496 1972 606 2039 εἰδότες
619 1980 653 2032 Σ.
669 1980 772 2032 ImurS.
786 1979 860 2044 vulg.
929 1980 958 2045 8)
976 1974 1115 2044 nupsisses
1128 1983 1213 2047 Augl.
1231 1981 1256 2032 ir.
1274 1982 1343 2032 Ven.
1356 1982 1434 2036 Bodl.

293 2115 375 2169 Cant.
393 2116 490 2167 Weim.
509 2116 593 2167 nrdv.
613 2133 645 2181 χρ
663 2116 778 2181 murgss.
798 2116 889 2167 Schoi.
908 2144 941 2152 -
959 2067 1106 2176 παθόντες
1119 2118 1151 2168 F.
1171 2143 1202 2153 —
1220 2117 1300 2168 huius
1318 2118 1434 2168 ulterius

292 2201 419 2265 iectionis
437 2193 577 2265 παρόντες
595 2202 714 2266 vestigio
732 2202 760 2251 iu
780 2202 807 2252 Σ
823 2200 954 2267 detegere
971 2216 1020 2251 nos
1034 2202 1141 2266 quidem
1155 2217 1209 2251 non
1222 2208 1387 2267 poteramus.
1399 2230 1433 2238 -

292 2286 421 2336 ‘Putares
440 2287 651 2337 Demosthenem
670 2287 813 2351 scripsisse
833 2282 861 2337 εἰ
877 2278 932 2351 peip
951 2278 980 2336 οἰ
996 2279 1050 2353 μὲν
1068 2274 1177 2344 εἰδότες
1195 2284 1244 2339 καί
1266 2281 1352 2354 ἔργῳ
1368 2303 1432 2354 μα-

289 2364 409 2433 θόντες,
426 2373 498 2435 sueto
512 2350 632 2437 ¹ereperti,
653 2372 716 2436 quie
735 2372 828 2420 statim
847 2372 995 2435 respondet
1013 2366 1042 2422 οἰ
1058 2362 1130 2437 λόγῳ
1149 2362 1314 2435 όιιοόοντες,
1338 2387 1431 2437 quem-

290 2454 432 2507 admodum
451 2457 573 2523 postulat
591 2456 726 2523 oppositio
746 2454 786 2519 (ut
804 2472 829 2520 p.
842 2458 905 2513 tto,
926 2458 965 2509 11.
984 2474 1010 2522 p.
1024 2458 1086 2519 483,
1106 2456 1151 2521 20)
1171 2461 1198 2506 et
1215 2473 1273 2509 mos
1291 2457 1431 2507 scribendi

292 2544 317 2591 et
329 2544 394 2606 quin
407 2537 480 2608 λόγῳ
493 2541 539 2593 hio
552 2542 714 2608 superfluum
728 2544 782 2597 est,
802 2540 858 2589 nisi
869 2542 1055 2605 praecesserit
1069 2534 1148 2607 ἰηῳ.
1179 2540 1282 2593 Contra
1294 2558 1321 2608 p.
1329 2544 1388 2606 495,
1398 2544 1431 2592 20

292 2641 335 2690 pro
357 2626 389 2677 τί
409 2618 516 2678 παθόν
537 2626 608 2677 mele
627 2626 727 2693 legitur
745 2624 775 2676 τί
789 2616 916 2692 μαθόν.’
947 2624 1182 2678 Merkiendus.
1220 2627 1355 2678 ‘Necesse
1377 2641 1431 2676 nou

291 2716 344 2775 est,
363 2716 395 2761 ut
412 2716 522 2777 propter
542 2704 614 2777 λόγῳ
632 2711 766 2761 infercins
785 2704 864 2777 ἔργῳ.
892 2710 963 2761 haee
981 2711 1120 2762 vocabule
1138 2711 1190 2761 duo
1209 2712 1332 2777 quemvis
1345 2727 1429 2777 seepe

288 2796 465 2846 sibi·diserte
487 2796 685 2862 respondeant,
713 2802 807 2845 tumen
829 2810 883 2845 non
909 2810 971 2845 rure
996 2796 1139 2847 edmodnm
1163 2798 1249 2861 ipsius
1272 2797 1430 2847 sententies

287 2880 328 2930 vis
348 2880 431 2944 feeit,
454 2886 485 2931 nt
508 2880 625 2931 alterum
645 2881 794 2930 omittatur.
831 2878 866 2929 Et
891 2881 931 2931 sic
952 2880 978 2929 h.
997 2878 1016 2933 l.
1034 2880 1117 2946 plene
1135 2881 1208 2932 inest
1225 2881 1293 2932 iliud
1313 2875 1384 2945 ἔργῳ
1401 2881 1429 2930 in

287 2960 394 3024 εἰδότες
415 2970 443 3015 et
460 2958 614 3025 παθόντες.
646 2981 708 3015 num
734 2957 816 3024 εἰδὼς
835 2965 944 3030 proprie
965 2970 1008 3015 est
1025 2972 1070 3032 qut
1084 2966 1168 3029 adsuit
1185 2968 1226 3015 rei
1241 2972 1285 3015 aust
1301 2966 1427 3027 interfuit.

288 3050 348 3100 Vid.
367 3051 402 3100 ed
425 3067 451 3117 p.
470 3052 532 3111 473,
552 3052 593 3099 22.
634 3048 674 3100 Αο
692 3041 813 3116 πόσχειν
837 3055 893 3099 tum
915 3049 1023 3100 demum
1046 3048 1173 3113 dicimur,
1197 3066 1279 3114 quum
1298 3050 1363 3114 quid
1382 3066 1427 3101 ex·

286 3137 405 3201 petimur
422 3135 485 3201 ipsi.
522 3134 564 3185 Cf.
583 3134 700 3185 Wessel.
720 3134 824 3185 similia
843 3140 997 3185 monentem
1018 3134 1051 3185 ed
1070 3134 1181 3185 Diodor.
1195 3134 1299 3197 X1‚³9.
1335 3136 1427 3199 Ipsum

284 3236 348 3271 rero
371 3210 518 3279 παθόντες
540 3220 585 3269 vel
609 3223 722 3285 propter
740 3234 858 3283 sequens
877 3210 996 3285 πάσχειν
1014 3219 1077 3269 loco
1094 3220 1198 3269 moveri
1215 3234 1268 3269 non
1287 3216 1425 3269 debebat!

285 3304 556 3357 i'r.A.Woliius.
593 3296 858 3363 ιιταθόντεςεεινιο.
890 3290 1120 3354 εαοοοᾱίῑιιτεό.’
1144 3303 1313 3354 Reiskius.
1351 3304 1425 3353 ‘Non

286 3389 454 3441 subauditur.
484 3382 630 3449 παθόντες
648 3394 711 3439 sunt
729 3389 756 3439 in
774 3390 930 3440 universum
949 3390 1061 3455 ruperti.
1092 3386 1165 3438 Sene
1183 3387 1261 3439 loeus
1279 3389 1362 3439 docet
1381 3402 1426 3437 ex·

282 3478 380 3540 portos·
399 3490 459 3525 εεεε
482 3490 539 3525 rem
563 3474 721 3537 iucundam,
746 3474 794 3524 sed
816 3488 870 3525 nou
893 3474 954 3524 ideo
975 3473 1151 3539 cogitandum
1170 3473 1203 3523 de
1222 3473 1347 3524 adverbii
1365 3472 1426 3523 elii-

282 3558 345 3626 psi.'
368 3558 494 3611 Seheei
501 3574 584 3611 εειιε.
619 3558 660 3609 Ad
679 3574 767 3610 renes
785 3559 958 3609 coniecturas
971 3558 1158 3624 profligendas
1171 3566 1362 3623 comparemus
1374 3558 1425 3607 hes

283 3642 426 3695 formulas:
452 3638 563 3705 ἰδόντες
581 3642 630 3696 καὶ
648 3636 794 3703 παθόντες
812 3642 939 3709 Sophoel.
960 3642 1029 3695 Oed.
1049 3642 1166 3693 Cuive.
1187 3644 1253 3694 1658
1274 3641 1371 3707 (1676).
1390 3668 1423 3679 -

281 3722 416 3780 παθόντα
439 3727 545 3793 γνῶναι
568 3728 640 3783 Plet.
660 3728 744 3779 Conv.
768 3746 793 3796 p.
812 3730 861 3778 222
879 3728 901 3778 B
921 3744 935 3779 e
955 3728 1074 3778 sormnle
1092 3728 1219 3793 entique,
1243 3727 1276 3777 de
1295 3743 1350 3792 que
1367 3726 1423 3781 rid.

282 3812 381 3866 Stnilb.
422 3812 451 3863 si
474 3805 612 3878 παρόντες
634 3830 727 3865 verum
751 3818 836 3872 esset,
859 3811 968 3864 videtur
990 3812 1019 3862 id
1037 3816 1101 3863 ente
1122 3810 1173 3864 eoi
1191 3804 1300 3872 εἰδότες
1317 3827 1422 3877 ponen-

280 3899 340 3949 dum
366 3896 462 3950 fuisse.
502 3898 570 3948 Nem
594 3892 677 3959 εἰδοός
701 3898 747 3949 nbi
771 3898 901 3948 audiendi
924 3898 1030 3948 notioni
1054 3899 1200 3963 opponitur
1223 3897 1270 3961 (ei.
1293 3896 1422 3963 Sophoel.

232 3980 238 3994 '
279 3982 399 4053 Philoct.
423 3997 462 4033 vs.
485 3984 535 4033 564
551 4002 585 4027 =
603 3984 661 4033 560.
692 3986 719 4034 et
740 3999 780 4036 vs.
800 3980 875 4051 320),
904 3988 1092 4050 praegnentur
1113 3983 1214 4033 dieitur
1240 3982 1273 4033 de
1299 3998 1345 4047 eo,
1375 3983 1421 4047 qui

282 4069 340 4134 ipse
370 4072 453 4133 etque
484 4072 614 4118 eecnrete
644 4082 700 4117 rem
731 4068 872 4133 cognovit,
904 4072 932 4117 et
961 4070 984 4131 ξ.
1011 4069 1045 4119 οὗ
1074 4058 1157 4127 εἰδώς
1186 4065 1327 4133 significet
1356 4082 1421 4117 eun·

281 4154 341 4203 dum
366 4153 412 4218 qui
429 4156 501 4211 ,unte
527 4154 615 4203 dictus
644 4158 687 4203 est
708 4147 821 4217 παρεόν,
849 4154 964 4218 perime,
995 4168 1049 4202 non
1075 4152 1163 4203 solum
1184 4167 1294 4217 ρπαταε,
1323 4150 1421 4215 σαφῶς

281 4230 1419 4304 mmmmmmmmmmm

280 4348 312 4359 -
342 4322 415 4373 ‘Non
444 4321 646 4373 contemnende
674 4320 781 4375 lentio.¹
818 4322 987 4375 lteiskius.
1023 4349 1055 4358 -
1093 4310 1177 4383 ιόξια
1211 4312 1317 4372 enirm
1346 4320 1418 4370 diffl-

281 4406 363 4457 tioitie
388 4412 452 4459 eunt
477 4424 565 4474 neque
594 4422 627 4458 ex
653 4406 848 4459 Demosthenis
877 4408 1086 4473 perspicuitate.
1118 4406 1175 4473 legi
1200 4410 1293 4471 potest
1318 4396 1419 4467 όξίονς

281 4484 403 4553 τοότσνς.
433 4496 523 4559 dipnos
549 4494 595 4544 ἰιοε
621 4492 801 4559 (Epieerdem
826 4496 853 4541 et
876 4491 947 4543 filios
971 4490 1046 4556 eins)
1071 4492 1191 4555 beneficio
1209 4488 1362 4550 'cenredum
1387 4495 1420 4540 nt

280 4592 304 4641 p.
322 4578 384 4641 491,
405 4580 448 4628 ii:
473 4575 501 4632 εἰ
516 4577 618 4647 μηθεὶς
699 4572 816 4643 χίχονεν
833 4565 914 4641 όξισς
934 4562 967 4628 τό
984 4576 1104 4628 παθεῖν.
1141 4576 1195 4627 Sed
1213 4575 1285 4627 forte
1305 4575 1418 4642 gravius
