3950 5609
571 540 790 584 nnuoannnnrs
812 540 860 584 οιι
877 538 1041 585 snvnasus
1056 542 1223 586 usserman.
1430 525 1471 589 37

324 688 517 775 σύμπαντες
531 678 636 755 οὗτοι.
683 686 754 779 (22)
769 686 833 755 Ἵυ’
849 680 914 755 οὖν
928 688 1100 773 τριάκοντ’
1116 688 1295 776 ἅνθρωποι
1315 695 1466 771 κλείους1

326 897 354 945 et
369 886 482 962 epulas?
497 887 637 961 sexaginta
652 887 761 943 circiter
775 894 822 943 aut
837 886 918 961 paulo
933 886 1028 962 plures
1043 888 1163 945 uniuersi
1178 888 1213 945 hi.
1259 886 1321 961 (22)
1337 889 1370 947 Ut
1386 889 1472 965 igitur

327 1087 532 1155 gymnasiarchi
556 1091 584 1137 et
602 1088 697 1139 decem
714 1087 894 1139 hestiatorss.
930 1086 1028 1139 Plures
1046 1102 1127 1153 qnam
1146 1089 1292 1155 sexaginta
1311 1089 1471 1142 efficieban-

326 1180 383 1237 tnr,
402 1174 426 1225 si
443 1173 536 1239 plures
553 1172 658 1223 dnobus
678 1177 757 1224 erant
775 1173 889 1239 oboragi
907 1173 937 1223 in
953 1188 1011 1225 nna
1028 1172 1111 1225 tribu.

392 1270 440 1331 22.
477 1274 502 1339 1)
521 1262 541 1341 ἢ
558 1274 674 1335 πλείους
691 1274 796 1331 LaurS.
813 1276 888 1342 vulg.
908 1276 991 1327 etiam
1006 1275 1045 1339 Σ,
1064 1276 1106 1327 sie
1124 1266 1152 1341 ’ἦ
1169 1275 1336 1337 stalera-
1355 1278 1471 1339 πλείους

324 1364 385 1413 sino
403 1348 520 1427 r'p'Augl.
534 1375 566 1427 pr
579 1359 604 1412 le.
618 1386 649 1396 -
667 1360 820 1411 Deleverat
833 1359 962 1411 Raislxius
979 1346 1002 1426 ἢ
1016 1365 1165 1427 autequam
1183 1362 1369 1413 coniecturam
1380 1366 1471 1429 Augl⁰

324 1446 511 1500 confirmatam
530 1446 696 1507 invenisset,
714 1444 803 1497 locum
822 1446 862 1495 ita
882 1445 1039 1510 explicans:
1065 1446 1097 1497 Ut
1114 1448 1200 1513 itaque
1217 1449 1244 1497 in
1258 1455 1389 1513 posterum
1407 1464 1469 1499 sena-

324 1548 373 1598 per
390 1532 501 1582 domines
518 1531 624 1595 triginta
641 1530 777 1594 conferant
795 1547 896 1583 numero
912 1534 1002 1595 plures
1020 1547 1094 1597 quam
1111 1548 1176 1582 nans
1193 1532 1335 1595 conserunt.
1367 1534 1471 1585 Contra

325 1618 369 1669 rr.
386 1616 418 1668 a.
438 1613 567 1665 wolfius:
598 1616 689 1665 ‘uren
707 1602 726 1681 ἢ
742 1615 872 1680 aaaron,
895 1622 926 1667 ιι
944 1615 1024 1667 mono
1043 1616 1113 1666 nuit
1135 1607 1262 1683 ἢμιιρῷ
1278 1617 1403 1679 etism.
1438 1620 1470 1669 ιι

323 1716 390 1753 varo
408 1703 533 1767 apertum
552 1703 607 1763 est,
630 1715 703 1751 nunc
723 1701 866 1752 subaudiri
887 1708 996 1767 praeter
1013 1717 1069 1761 sos,
1094 1704 1138 1768 qai
1157 1702 1240 1752 adduc
1262 1705 1379 1768 liturgias
1396 1721 1469 1754 eura·

323 1794 422 1838 aeram.
459 1784 564 1848 Quibus
587 1789 680 1836 tamen
704 1786 797 1837 verbis
822 1788 960 1852 expressis
983 1786 1013 1835 in
1034 1786 1088 1837 hae
1112 1786 1222 1851 quidem
1244 1788 1385 1839 sententia
1403 1805 1470 1854 opus

322 1888 379 1925 non
396 1881 466 1923 erat.
501 1870 568 1920 Pari
584 1869 663 1922 modo
676 1887 702 1936 p.
716 1871 780 1935 465,
793 1872 825 1922 27
844 1876 887 1923 est
905 1864 956 1922 ἕνα
974 1864 1110 1938 χορηγὸν,
1132 1876 1164 1921 ut
1180 1872 1371 1938 interpreteris
1388 1890 1471 1925 unum

324 1958 474 2025 choragum
493 1970 617 2008 nouum.
653 1954 736 2006 Ratio
755 1956 859 2007 fefellit
874 1956 1031 2020 Reislxium,
1050 1971 1133 2022 quum
1150 1972 1184 2007 ex
1200 1958 1278 2025 Augl
1297 1974 1346 2010 suo
1365 1960 1470 2025 arripe·

323 2048 367 2095 ret
389 2033 541 2108 ἄνθρωποι
564 2039 681 2101 πλείους
703 2041 793 2093 eiecto
812 2034 849 2107 ἥ.’
872 2068 907 2079 -
929 2028 961 2107 ‘a'p'
978 2042 1122 2093 revocavit
1145 2041 1229 2092 etism
1247 2042 1369 2094 Belsker.
1408 2045 1469 2109 Ego

323 2144 389 2179 vcro
410 2128 502 2178 fateor
525 2126 660 2177 inclinare
683 2142 726 2177 me
748 2126 816 2189 huo,
840 2131 870 2177 ut
891 2125 1007 2178 Rsiskio
1030 2126 1133 2177 delenti
1156 2127 1303 2178 assentiar.
1342 2128 1469 2179 Additum

322 2213 386 2265 vide
409 2228 443 2263 ne
466 2212 604 2277 infringat
626 2212 681 2263 vim
703 2212 936 2265 ratiocinationis.
972 2211 1090 2264 Accedit
1112 2210 1183 2277 quod
1205 2216 1298 2263 orator
1315 2205 1469 2275 τριάκοντα

323 2304 354 2351 ut
372 2298 519 2349 maximum
537 2311 678 2347 numerum
696 2297 790 2363 posuit
807 2312 847 2349 vs.
862 2294 914 2348 12)
939 2296 1069 2348 Sabaei
1074 2311 1160 2349 erus.
1194 2297 1385 2363 adstipulatur
1396 2298 1469 2349 Beu-

322 2382 431 2435 solarus
448 2382 524 2434 Hiat.
542 2398 570 2447 p.
589 2383 647 2435 104.
665 2408 697 2417 -
721 2382 780 2435 ‘Fa
792 2384 824 2435 A.
837 2380 953 2433 'Wolfius
972 2368 992 2449 ἢ
1008 2380 1108 2442 alalon
1126 2383 1326 2449 interpretatur
1344 2371 1362 2448 ἢ
1379 2382 1471 2449 μικρῷ

322 2464 440 2528 πλείους
459 2464 507 2532 (ct.
527 2483 553 2532 p.
565 2467 631 2530 499,
645 2465 686 2530 6),
704 2472 736 2517 ut
753 2466 835 2533 paulo
854 2472 920 2517 anta
939 2456 1016 2537 ἓξήιι.
1036 2463 1102 2527 ἴσως
1119 2458 1139 2533 ἢ
1155 2483 1186 2532 p.
1203 2468 1249 2522 rai.
1285 2466 1340 2518 Sed
1357 2469 1405 2518 vix
1421 2485 1469 2534 po·

325 2555 377 2605 tuit
397 2552 613 2615 Demosthenes,
641 2566 723 2617 quum
747 2551 863 2618 triginta
890 2553 1047 2617 argumenti
1070 2566 1156 2603 cansa
1177 2552 1316 2617 posuisset
1337 2557 1469 2619 tanquam

324 2653 465 2691 numerum
483 2652 548 2689 vero
566 2636 648 2702 longe
667 2636 841 2703 ampliorem,
865 2635 966 2687 addere
984 2624 1005 2702 ἢ
1021 2636 1144 2697 πλείους.
1179 2637 1286 2688 Forsan
1305 2638 1423 2689 delenda
1440 2642 1471 2688 ut

323 2738 381 2779 var.
400 2725 464 2777 lact.
482 2737 532 2791 pro
554 2710 575 2789 ἦ
596 2720 686 2789 μικρῷ
709 2721 833 2782 aristone.
869 2722 944 2786 Nisi,
968 2710 1115 2793 Maleto,
1138 2721 1256 2782 πλείους
1273 2724 1394 2775 retinere
1412 2739 1470 2774 ma·

323 2807 386 2863 vis'
408 2808 595 2859 Dobraeus.
637 2806 816 2859 ‘Necessario
839 2806 982 2859 delendum
1008 2812 1051 2858 est
1073 2795 1105 2874 ἢ,
1131 2809 1211 2871 quia,
1234 2808 1326 2875 pluras
1349 2808 1469 2861 existere

324 2896 370 2962 qui
393 2895 589 2959 iungerentur,
616 2892 825 2959 perspicuitatis
849 2906 937 2943 causa
960 2892 1127 2943 efferendum
1146 2898 1220 2956 erat,
1247 2892 1361 2957 deinde,
1389 2908 1469 2959 quum

323 2980 441 3045 triginta
459 2979 593 3029 maximus
611 2992 740 3027 uumerus
759 2977 973 3029 aDemostheue
993 2992 1141 3029 concessus
1160 2985 1249 3041 esset,
1268 2992 1336 3028 sana
1354 2993 1409 3029 non
1429 2985 1471 3030 est

322 3067 384 3139 reri
407 3063 497 3115 simile
523 3063 558 3115 ab
581 3062 677 3114 eodem
707 3065 816 3113 oratore
839 3077 979 3114 numerum
1009 3078 1071 3114 esse
1094 3066 1204 3113 auctum
1228 3066 1312 3128 atque
1334 3063 1469 3115 incertum

323 3150 469 3201 redditum.
509 3146 587 3213 Quod
609 3162 803 3214 praegressum
826 3152 869 3199 est
891 3148 1002 3199 seduxit
1026 3144 1157 3199 scribas.’
1193 3148 1469 3200 Westarmaunus

322 3236 342 3290 l.
361 3250 386 3287 ο.
405 3249 432 3299 p.
451 3234 509 3284 aar.
550 3232 649 3299 ‘Atqui
667 3248 722 3285 non
739 3234 843 3300 patitur
861 3232 985 3285 Graecus
1006 3248 1108 3296 sermo,
1133 3224 1334 3297 utaperiamus
1353 3233 1470 3295 πλείους

324 3321 481 3385 accipiatur
498 3334 546 3384 pro
570 3334 616 3382 eo,
640 3318 711 3384 quod
734 3318 837 3369 dicitnr
858 3310 1006 3383 τριάκοντ’
1024 3309 1188 3382 ἀνθράκων
1204 3309 1364 3385 monedeira.
1401 3320 1470 3369 Rur-

323 3420 370 3456 sus
388 3392 408 3471 ἢ
426 3403 547 3463 additum
565 3418 621 3454 non
639 3407 760 3467 tantum,
784 3402 855 3467 quod
874 3402 1053 3455 Sebasterum
1075 3418 1130 3453 nou
1147 3401 1245 3465 latuit,
1269 3404 1398 3469 infringit
1414 3405 1469 3455 vim

324 3490 561 3552 ratiocinationis,
584 3488 633 3539 aad
650 3488 732 3555 plane
752 3489 862 3541 evertit.
896 3488 1030 3539 Numerus
1047 3488 1163 3554 triginta
1180 3487 1318 3539 homiuum
1336 3490 1470 3539 maximus

324 3580 398 3639 erat,
423 3589 502 3641 quam
520 3574 721 3625 Demosthenes
741 3572 893 3625 concedere
916 3573 1036 3626 volebat.
1070 3573 1162 3639 Igitur
1183 3587 1299 3625 neeesse
1321 3578 1365 3625 est
1383 3579 1414 3625 ut
1431 3574 1469 3625 le-

324 3664 406 3727 gatur
427 3650 573 3723 τριάκοντ’
593 3648 760 3725 dedcorant,
783 3651 821 3711 od
843 3656 970 3717 πλείους.
1005 3658 1155 3725 Ulpianus,
1180 3659 1226 3723 qui
1246 3658 1338 3709 locum
1360 3659 1472 3711 videtur

324 3746 426 3811 legisse
445 3745 545 3799 omisso
563 3734 596 3811 ἤ,
618 3759 714 3795 ueram
732 3749 825 3796 tamen
843 3745 934 3794 tenuit
951 3741 1229 3810 interpretationem)
1267 3744 1395 3795 Bakins
1413 3746 1470 3809 Hy-

324 3845 414 3897 pomn.
432 3830 464 3881 T.
483 3830 525 3881 111
542 3845 569 3895 p.
589 3832 638 3881 123
656 3845 695 3895 sq.
729 3830 875 3881 Immemor
895 3834 956 3879 erat
972 3829 1016 3880 vir
1034 3828 1210 3881 doctissimus
1229 3845 1291 3881 esse
1309 3829 1424 3887 πλείους
1442 3830 1471 3880 in

325 3916 473 3985 adiectivis
486 3931 503 3965 a
515 3914 633 3967 Graecia
650 3916 805 3980 usurpatis,
824 3916 872 3966 ubi
885 3915 973 3965 rarius
986 3914 1081 3965 Latini
1094 3918 1123 3964 et
1134 3929 1184 3965 nos
1196 3920 1323 3967 recentes
1336 3914 1471 3965 adverbia

325 4000 495 4052 adhibemus.
531 4001 573 4050 De
597 3999 694 4065 quibus
712 3999 902 4051 bichlbornius
926 3999 1115 4066 copiosissima
1138 4000 1195 4064 egit
1216 3998 1353 4065 singulari
1374 3999 1470 4051 libello

325 4088 372 4153 qui
393 4086 567 4136 inscribitur:
598 4083 640 4136 Ad
663 4084 739 4149 Synt.
758 4084 789 4135 P.
808 4086 821 4135 1
845 4086 887 4135 De
905 4084 1112 4139 Adiectivorum
1136 4100 1185 4150 pro
1206 4085 1344 4138 Adverbio
1367 4086 1469 4151 posito·

324 4187 383 4222 rum
398 4172 507 4222 ratione
521 4170 636 4235 Glogav.
651 4170 725 4221 1828.
755 4170 827 4221 Plat.
840 4170 929 4237 Lagg.
942 4170 982 4220 XI
994 4186 1021 4236 p.
1034 4172 1084 4221 932
1097 4168 1132 4220 0:
1151 4157 1188 4222 άν
1205 4160 1276 4221 ἐτῶν
1292 4159 1398 4234 ἄνδρες
1415 4164 1469 4236 μὲν

324 4248 501 4321 τυγχάνωσιν
518 4244 598 4313 ὄντες
616 4246 783 4321 τριάκοντα,
802 4258 938 4322 γυναῖκες
957 4249 989 4307 δὲ
1008 4248 1080 4307 δέκα
1097 4255 1228 4308 πλείοσιν
1246 4248 1319 4307 ἔτεσι
1337 4256 1357 4309 i.
1376 4271 1400 4305 a.
1419 4272 1469 4305 ma·

324 4343 400 4391 lieres
421 4342 506 4391 decem
527 4356 649 4392 antrorum
668 4328 727 4405 plus
749 4356 828 4406 quam
853 4342 977 4408 triginta.
1015 4339 1119 4391 Contra
1141 4332 1387 4399 adsisterent
1407 4344 1470 4405 post

323 4425 467 4492 superiora
490 4430 563 4476 esset
585 4440 659 4476 mere
684 4426 861 4493 superfluum,
885 4426 909 4477 si
931 4440 986 4477 non
1009 4424 1166 4491 insipidum.
1202 4424 1358 4476 Scholiasta
1376 4429 1469 4475 autem

324 4510 430 4577 pariter
453 4526 487 4560 ac
510 4526 559 4562 nos
582 4510 652 4578 legit
676 4516 703 4562 et
721 4510 865 4562 intellexit.
897 4512 966 4563 dicit
984 4511 1068 4562 enim:
1095 4500 1130 4563 οὖ
1147 4507 1222 4577 λέγει
1240 4506 1296 4562 τῶν
1314 4502 1468 4576 τριάκοντα

324 4594 454 4661 πλείους,
474 4586 537 4647 eitt’
557 4584 628 4649 ὅταν
646 4592 768 4655 πολλοὺς
786 4594 895 4662 δῶμεν,
914 4588 1067 4663 ἐσομένους
1085 4587 1249 4662 τριάκοντα.
