3950 5609
546 540 589 605 34
793 560 1016 611 nauosnnnrns
1031 561 1084 606 oa.
1099 558 1261 605 nnvnasns
1278 560 1446 603 purcman.

546 712 701 793 ἔσεσθαι,
729 708 785 775 aul
809 712 879 774 suiv
901 709 1069 775 πολιιῶν9
1093 705 1211 793 μηδέν’
1234 706 1272 773 ἐκ
1298 708 1551 791 τριηραρχίας10
1579 704 1695 790 ὑπάρ-

521 811 649 889 ιξειν11
670 808 782 895 ἀτελῆ.
815 809 1019 895 σκεψώμεθα
1035 810 1094 895 δή,
1114 812 1150 875 τί
1162 814 1262 875 τοῦτο
1271 810 1295 849 ¹²
1310 813 1351 894 τῇ
1365 809 1481 891 πόλει,
1505 805 1567 874 ἐὰν
1581 805 1694 874 ἄπαν-

548 1044 699 1097 triremium
720 1042 930 1097 instructionem
951 1041 1010 1097 lore
1028 1042 1189 1105 immunem;
1213 1055 1267 1115 age
1288 1038 1504 1101 consideremus,
1529 1056 1608 1113 quem
1624 1039 1695 1096 utile

546 1127 600 1183 hoc
620 1128 657 1183 sit
676 1126 856 1201 reipublicae.
880 1128 903 1183 si
925 1127 1045 1183 universi
1060 1126 1088 1181 hi
1103 1141 1215 1182 munem
1230 1125 1392 1181 sustineant.
1422 1123 1563 1198 apparebit
1577 1126 1649 1181 enim
1666 1124 1694 1180 id

546 1428 609 1495 lege
629 1432 775 1481 careretur
792 1444 828 1481 ne
851 1444 997 1495 unquam
1018 1428 1150 1480 deessent
1166 1426 1301 1486 officiosi,
1325 1440 1408 1492 quam
1426 1427 1452 1477 ai
1469 1430 1577 1477 tantum
1594 1426 1694 1493 paulu-

545 1513 602 1565 lum
621 1528 749 1565 numerus
768 1530 861 1566 eorum
879 1516 1037 1581 angeretur.
1106 1512 1132 1576 a)
1151 1508 1306 1565 πολιτικῶν
1323 1511 1421 1564 Vindl.
1488 1512 1530 1577 10)
1550 1502 1582 1564 la
1599 1528 1694 1578 τριηρ-

546 1597 650 1663 αρχίας
667 1598 741 1651 libri.
778 1599 941 1667 ‘Propterea
960 1600 1030 1667 qnod
1045 1596 1091 1651 val
1106 1604 1241 1664 postquam
1258 1596 1444 1649 trierarchum
1460 1596 1571 1648 functus
1589 1596 1693 1649 luerit?

545 1683 707 1736 Reislrius
731 1684 791 1741 Ind.
816 1673 955 1741 s.r.’Ea.
992 1684 1152 1735 ‘Posterius
1173 1679 1288 1736 rernm!
1317 1681 1536 1733 Schaa'ferns.
1570 1683 1608 1733 st
1629 1681 1694 1748 qnid

546 1768 604 1819 hoc
618 1773 674 1833 est,
692 1777 753 1836 poet
769 1772 964 1823 trierarchiem
982 1768 1106 1821 finitam?
1140 1767 1318 1819 Trierarchia
1335 1766 1453 1817 durabat
1472 1783 1523 1833 per
1539 1772 1627 1819 totum
1645 1783 1694 1818 an-

546 1869 618 1916 num,
639 1860 667 1907 et
685 1857 807 1921 proximu
827 1872 899 1908 anno
917 1859 980 1922 post
996 1854 1139 1920 liturgiam
1157 1853 1279 1918 aliquam
1298 1850 1425 1927 solutam,
1447 1853 1532 1901 etiam
1549 1868 1599 1918 per
1615 1852 1694 1903 bien·

546 1940 622 1989 nium
640 1944 704 2005 post
720 1942 912 1993 trierarchiam
930 1940 1092 2006 praestitam
1110 1938 1201 2002 (lsaei
1219 1952 1257 1989 or.
1275 1935 1401 2002 Apollod.
1425 1936 1450 1996 §-
1469 1936 1517 2001 38)
1535 1938 1694 1987 immunitas

545 2024 671 2091 legitima
694 2032 763 2077 aret.
799 2026 953 2077 Absurdum
975 2025 1122 2091 igiturest
1142 2022 1172 2072 h.
1189 2022 1209 2076 l,
1228 2020 1322 2073 dicere
1339 2026 1418 2087 post
1434 2022 1627 2073 trierarchiam
1645 2038 1693 2073 ne·

547 2110 646 2161 minem
669 2110 728 2162 lore
751 2112 911 2175 immunem,
938 2126 1020 2177 quum
1041 2111 1102 2175 ipse
1120 2107 1255 2173 Leptines
1273 2112 1382 2157 veteres
1400 2106 1434 2157 de
1452 2106 1503 2160 illa
1519 2108 1693 2158 immunitate

546 2193 624 2259 leges
651 2210 706 2247 nou
728 2202 802 2247 esset
825 2198 1029 2263 antiquaturus.
1058 2195 1083 2255 ξ.
1103 2195 1136 2264 18
1153 2206 1194 2257 sq.
1235 2190 1280 2243 Of.
1297 2190 1364 2241 nsit.
1385 2192 1410 2252 ὅ.
1431 2192 1489 2242 155.
1528 2192 1639 2258 Ergone
1662 2185 1694 2243 la

545 2280 730 2351 τριηραρχίας
758 2283 796 2332 sit
818 2283 838 2333 i.
857 2298 882 2348 q.
901 2287 1012 2349 propter
1033 2277 1245 2330 trierarchiem?
1278 2276 1402 2326 Minime.
1437 2292 1500 2325 nam
1524 2277 1694 2328 trierarchos

548 2365 573 2415 si
592 2363 627 2415 ad
645 2364 774 2433 liturgica
793 2366 1019 2418 eosdem-eodem
1038 2369 1160 2431 tempore
1180 2361 1319 2429 cogendos
1338 2376 1399 2412 esse
1416 2367 1578 2428 poneretur,
1599 2376 1694 2413 omnes

546 2448 589 2500 illi
611 2450 737 2514 opulenti
759 2452 834 2502 cives
857 2450 891 2503 de
914 2451 1032 2502 arbitrio
1060 2454 1143 2515 atque
1165 2446 1268 2497 iniuria
1290 2446 1524 2497 conclamassent.
1558 2446 1606 2497 Sic
1630 2461 1694 2497 ecn-

546 2516 602 2583 anr't
619 2534 845 2587 Westermanuus
864 2536 882 2585 l.
902 2552 925 2589 c.
943 2554 968 2603 p.
988 2537 1053 2601 580,
1078 2532 1211 2599 additque
1228 2546 1370 2582 numerum
1387 2534 1444 2582 tum
1460 2531 1544 2597 longe
1562 2530 1694 2581 maiorem

546 2619 633 2671 inisse
657 2622 819 2673 exstiturum
842 2635 922 2685 qnam
950 2621 1071 2685 quinque
1100 2632 1185 2669 sexus
1207 2616 1324 2682 liturgia
1347 2616 1406 2667 alia
1428 2617 1623 2667 obstrictornm
1644 2630 1693 2680 pro

546 2720 658 2757 numero
681 2706 793 2757 navium
816 2706 1027 2768 instructarum,
1051 2718 1124 2768 quae
1141 2716 1336 2767 nonnunquam
1353 2701 1458 2767 pluries
1477 2704 1587 2752 eentum
1605 2704 1694 2752 erant.

546 2788 642 2854 Neque
661 2789 712 2840 hoe
730 2806 798 2841 sane
815 2790 971 2840 institutum
990 2789 1124 2855 Leptines
1143 2788 1318 2853 antiquabat.
1353 2788 1390 2837 st
1407 2788 1586 2837 inveniuntur
1605 2801 1692 2837 exem·

545 2872 606 2940 pla,
636 2875 734 2939 quihus
762 2875 892 2925 docemur
919 2873 1102 2925 trierarchum
1123 2872 1247 2923 iunctum
1276 2886 1337 2923 ease
1362 2872 1445 2922 etiam
1467 2870 1591 2938 liturgia.
1632 2870 1693 2923 vid.

546 2958 670 3010 Boeckh.
689 2958 792 3009 Oecon.
816 2960 879 3009 n.1
902 2976 927 3025 p.
946 2961 1004 3013 598.
1040 2959 1121 3009 Vere.
1153 2962 1184 3007 at
1206 2972 1258 3008 eae
1280 2956 1412 3022 liturgiae
1431 2962 1511 3007 erant
1529 2961 1578 3006 aut
1595 2960 1693 3023 sponte

547 3044 681 3108 donatae,
705 3048 754 3093 eut
775 3042 841 3095 talis
866 3044 1036 3094 trierarchus
1052 3043 1162 3094 videtur
1179 3042 1275 3107 aliqua
1293 3042 1401 3092 ratione
1419 3042 1478 3092 aive
1497 3042 1556 3092 iure
1575 3040 1693 3106 (permu-

546 3128 651 3179 tatione
674 3128 815 3193 instituta)
839 3128 898 3179 sive
920 3129 1024 3179 iniuria
1047 3126 1155 3191 (fraude
1179 3143 1212 3177 ac
1235 3126 1309 3190 dolo)
1329 3140 1429 3177 navem
1446 3140 1501 3176 uon
1519 3126 1691 3189 instruxisse,

546 3216 578 3262 ut
601 3213 770 3265 trierarchus
792 3214 947 3265 nominatus
971 3213 1082 3281 quidem
1103 3213 1219 3278 liturgia
1242 3212 1417 3278 iungeretur,
1443 3226 1498 3261 non
1520 3226 1585 3262 vere
1608 3216 1692 3262 esset.

548 3296 676 3349 Coniecit
697 3299 783 3365 igitur
805 3299 1035 3351 Westermannus
1061 3298 1123 3348 loco
1151 3290 1183 3348 ἐκ
1209 3297 1386 3348 scribendum
1410 3312 1472 3347 esse
1496 3302 1545 3347 aut
1565 3292 1640 3361 κὶὴι
1660 3289 1692 3347 ἐκ

548 3387 597 3431 ant
626 3382 784 3437 mutandam
813 3385 1047 3452 praepositionem
1076 3384 1105 3435 in
1134 3374 1216 3442 ἒιιτὸς
1244 3381 1290 3432 vel
1317 3373 1379 3444 ἔξω.
1423 3382 1543 3431 Maxime
1569 3379 1692 3447 placeret

548 3459 642 3533 ἐκτὸς,
670 3469 742 3535 qnod
765 3486 821 3520 uon
844 3470 931 3521 solum
954 3470 1085 3522 convenit
1107 3484 1168 3518 cum
1189 3467 1319 3533 Leptinis
1341 3466 1403 3532 lege
1425 3466 1465 3527 §5-
1485 3470 1517 3518 18
1534 3482 1589 3531 sq.,
1616 3466 1691 3516 culus

546 3550 619 3603 hanc
642 3558 750 3619 partem
773 3555 818 3606 hie
840 3555 1043 3607 Demosthenes
1065 3569 1095 3604 ae
1119 3552 1273 3603 concedere
1299 3550 1380 3613 dicit,
1408 3552 1503 3617 itaque
1526 3550 1689 3601 contrarium

547 3636 640 3689 dicere
668 3654 722 3689 non
746 3642 851 3705 potest,
880 3642 971 3707 potius
999 3639 1115 3690 eandem
1143 3638 1312 3688 sententiam
1334 3641 1460 3701 repetere
1483 3635 1613 3697 debehat;
1640 3633 1688 3684 sed

548 3714 632 3773 etiam
655 3715 794 3789 facillima
817 3729 861 3775 est
883 3726 1053 3777 coniectura.
1089 3724 1126 3774 At
1148 3726 1246 3773 contra
1264 3722 1504 3772 Westermannnm
1526 3718 1689 3771 Benselerne

548 3806 583 3857 ad
601 3808 629 3857 h.
647 3806 664 3861 l.
684 3809 755 3861 bene
773 3810 879 3861 monuit
900 3826 955 3863 nou
974 3810 1008 3861 de
1027 3809 1152 3859 omuibus
1175 3808 1284 3858 civibus
1307 3806 1367 3872 agi,
1391 3806 1440 3856 sed
1461 3806 1528 3857 solia
1545 3805 1579 3855 de
1596 3807 1689 3855 imma.

547 3892 642 3955 nibus,
668 3898 696 3943 et
718 3896 887 3947 sententiam
911 3910 973 3945 esse
995 3895 1083 3945 hane:
1114 3892 1285 3943 ‘Concedam
1308 3891 1445 3941 neminem
1464 3892 1564 3958 (neque
1582 3889 1692 3957 inquili-

546 3992 611 4027 num
627 3993 715 4044 neque
736 3980 836 4046 civem)
856 3995 917 4031 esse
936 3982 1098 4042 immunem
1117 3979 1173 4029 iarn
1191 3976 1300 4043 qnando
1317 3976 1413 4027 nullae
1431 3977 1542 4027 omnino
1553 3990 1639 4027 naves
1651 3975 1692 4026 iu·

547 4062 694 4114 struendae
713 4069 789 4129 sunt,
809 4080 861 4131 quo
880 4070 1004 4131 tempore
1021 4063 1167 4117 trierarchi
1184 4065 1319 4113 immunes
1336 4060 1405 4111 fiunt
1422 4076 1529 4124 omnes,
1548 4076 1628 4112 nemo
1641 4061 1691 4114 im·

547 4148 636 4199 munis
654 4152 727 4212 csto;
746 4150 895 4215 quantulus
912 4164 1041 4202 numerus
1057 4150 1121 4217 lege
1132 4150 1271 4216 Leptinen
1282 4148 1324 4198 sic
1337 4150 1486 4213 augeretur
1496 4142 1692 4212 liturgornmi'

548 4284 591 4350 11)
610 4214 844 4349 ὁιιάρέξιιιννίιιῶ.
904 4285 946 4355 m)
966 4287 1058 4339 ‘Fert
1070 4279 1154 4337 τότ’.’
1174 4254 1312 4352 sanger.
1324 4285 1404 4335 Diar.
1417 4283 1505 4335 Claas.
1517 4283 1582 4334 LVI
1593 4300 1620 4348 p,
1633 4284 1692 4334 266.

547 4370 701 4422 Pronomae
728 4372 919 4423 necessarium
942 4378 992 4423 est.
1019 4400 1053 4408 —
1078 4397 1113 4409 -
1145 4363 1224 4423 τοῦτ’
1248 4366 1327 4423 ἔσται
1350 4369 1424 4436 vulg.
1458 4395 1490 4404 -
1520 4362 1601 4419 ἔσται
1630 4372 1693 4433 post

547 4448 628 4506 πόλει
647 4456 751 4509 LaurS.
775 4484 807 4497 -
830 4454 914 4509 τοῦτο
931 4459 993 4507 sine
1011 4452 1091 4509 ἔσται
1109 4456 1148 4521 Σ,
1173 4458 1203 4507 in
1224 4472 1277 4521 quo
1298 4456 1404 4521 aliquid
1427 4470 1461 4504 ex
1484 4453 1622 4518 epictum
1640 4458 1694 4517 est,

548 4539 618 4603 quod
636 4542 787 4593 exstricare
805 4558 859 4595 non
877 4558 1032 4609 possumus,
1058 4548 1134 4593 certe
1152 4557 1207 4592 nou
1226 4535 1313 4593 ἔσται.
1347 4542 1391 4591 De
1410 4553 1463 4603 quo
1481 4536 1636 4603 supplendo
1655 4538 1693 4589 el.

548 4623 583 4673 ad
601 4622 694 4691 Olyth.
712 4628 754 4678 111
772 4628 797 4689 ἓ.
817 4628 856 4680 17.
893 4626 936 4676 cf.
955 4625 1026 4677 Phil.
1046 4627 1101 4688 15.
1120 4629 1161 4678 36.
