3950 5609
526 532 569 597 42
775 550 1063 596 nuuosrunrvrsoa.
1077 550 1240 596 Anvnasut
1257 552 1424 595 carnutas.

488 700 646 786 moridt‘v,
679 700 780 791 χωρὶς
808 701 847 769 δὲ
876 700 1008 767 τούτων
1036 700 1117 765 νυνὶ
1144 704 1186 785 τῇ
1215 700 1313 766 πόλει
1341 701 1459 767 δυοῖν*
1488 698 1672 788 ἀγαθοῖν,ὗ

527 907 554 955 et
569 905 708 975 practerea
723 916 794 957 nunc
809 898 975 976 reipublicae
991 914 1007 955 e
1021 896 1129 957 duobus
1143 896 1237 961 bouis.
1256 896 1356 972 opibus
1370 905 1399 957 et
1413 896 1465 955 fide
1480 898 1553 975 apud
1567 916 1672 965 omnes,

525 1118 608 1169 adine
628 1132 693 1169 usus
715 1120 794 1170 vetat
813 1116 935 1181 Atticus,
959 1119 1007 1183 qni
1025 1112 1092 1168 ml
1114 1117 1143 1167 in
1165 1130 1234 1179 nno,
1256 1119 1405 1182 praesente
1423 1120 1560 1182 tempore,
1583 1119 1671 1185 ponit,

526 1218 608 1268 quum
626 1200 680 1255 νῦν
696 1202 779 1255 trium
796 1203 833 1254 sit
850 1206 1011 1269 temporum.
1045 1202 1119 1255 Vera
1136 1201 1188 1252 hoc
1205 1217 1240 1253 cx
1251 1201 1402 1253 Heraclide
1416 1200 1671 1269 docucrnntEtym.

525 1288 562 1340 M.
581 1306 608 1355 p.
620 1291 671 1340 608
690 1293 718 1339 et
735 1288 863 1339 Eustath.
883 1286 934 1339 Od.
954 1288 983 1339 Σ
998 1304 1024 1353 p.
1039 1288 1112 1339 1840.
1151 1286 1344 1339 Seribcmnsns
1362 1287 1448 1352 igitur
1464 1289 1605 1355 particula
1622 1305 1669 1341 sx-

525 1380 644 1441 punota=
668 1371 795 1427 τουτων1
818 1372 852 1439 τῇ
870 1366 968 1425 adies?
993 1388 1030 1423 an
1047 1373 1075 1423 in
1094 1388 1129 1422 ea
1146 1372 1216 1423 latet
1233 1362 1318 1438 ἡμῖν,
1341 1376 1372 1422 ut
1388 1388 1474 1438 saepe
1493 1374 1671 1441 coniungitur

525 1450 643 1525 ἡπόλις
660 1450 732 1526 ἡμῖν
748 1475 797 1525 pro
815 1448 833 1526 ἦ
853 1449 934 1518 πόλις
952 1448 1049 1524 ripole?
1078 1456 1218 1523 Quidquid
1235 1457 1302 1520 erit,
1325 1456 1436 1508 videtur
1456 1462 1549 1510 textus
1571 1460 1670 1511 vitium

525 1544 644 1596 traxisse
663 1549 692 1595 et
709 1543 737 1594 id
755 1544 864 1609 quidem
884 1541 1047 1608 antiquum)
1075 1543 1121 1593 Fr.
1138 1542 1172 1592 Α.
1191 1542 1346 1593 wolfius.
1383 1542 1458 1594 ‘Non
1481 1543 1606 1595 habebat
1626 1546 1670 1596 vir

526 1632 655 1695 egregins
678 1645 726 1681 cur
746 1629 837 1681 locum
859 1632 981 1681 vexaret.
1019 1626 1122 1678 Sensus
1144 1627 1239 1679 horum
1261 1626 1419 1678 verborum:
1449 1645 1522 1695 quum
1544 1646 1609 1680 ιιυνο
1630 1631 1670 1694 (in

524 1715 576 1765 hoc
595 1728 684 1766 rernm
702 1719 792 1776 statu,
816 1731 868 1781 quo
886 1713 1038 1778 versamur)
1061 1715 1151 1764 civitot
1172 1715 1222 1764 duo
1245 1729 1310 1779 qnae
1327 1722 1398 1764 αιντι
1416 1715 1482 1766 bono
1499 1714 1593 1766 trabeas
1609 1716 1670 1767 sive

524 1800 635 1851 ciuitatis
656 1802 725 1851 salus
747 1800 843 1852 dnobus
860 1799 932 1851 bouis
954 1802 1059 1850 nitatur.
1096 1796 1148 1863 [At
1169 1797 1240 1848 haec
1263 1799 1403 1849 sententia
1425 1800 1454 1848 in
1477 1799 1593 1851 Graecis
1615 1816 1670 1851 non

524 1885 612 1949 inest,
634 1885 734 1937 necin
751 1884 873 1951 vulgatis
891 1882 1007 1950 verbis.)
1043 1882 1122 1946 Quod
1141 1888 1234 1933 autem
1251 1884 1299 1933 illa
1319 1884 1439 1934 coniecit
1458 1884 1591 1948 τουτωνί,
1614 1901 1669 1936 non

524 1974 591 2036 puto
609 1968 666 2021 dici
684 1983 773 2037 posse.
809 1970 912 2021 (irasci
931 1970 1017 2035 enim,
1037 1968 1108 2035 quod
1124 1968 1308 2031 meminerim,
1326 1983 1382 2019 non
1398 1972 1487 2035 magis
1505 1970 1601 2021 dicunt
1617 1987 1669 2037 pa·

525 2052 717 2118 oleronensi
736 2072 816 2121 quam
834 2048 904 2121 πρὸς
921 2051 1081 2107 τουτοισὶ)
1101 2052 1318 2108 Schaeterns.
1352 2054 1450 2106 ‘Patet
1465 2070 1576 2106 sensum
1593 2071 1667 2107 csse:

525 2140 602 2201 Quam
620 2142 669 2192 (1ου
686 2144 737 2192 aiat
755 2142 835 2205 bona,
855 2156 920 2208 pune
938 2144 964 2191 in
982 2142 1094 2207 ῳιιιοιοῖε
1106 2141 1231 2191 rioitntem
1242 2140 1337 2191 endere
1348 2142 1461 2205 poemat,
1479 2156 1543 2206 opes
1554 2149 1581 2192 et
1588 2143 1669 2206 tides,-

524 2234 613 2277 nostrn
630 2228 720 2278 cioitm
737 2228 784 2279 doc
800 2234 914 2291 tempore
928 2228 1005 2289 fldem
1023 2232 1110 2277 serunt
1127 2228 1262 2289 inteprma,
1286 2240 1348 2291 oper
1365 2226 1458 2276 maisit.
1488 2215 1564 2277 ‘Dela
1585 2227 1669 2293 igitur

524 2308 559 2377 sp
577 2314 641 2362 anta
659 2304 749 2367 πόλει,
786 2308 829 2362 Cf.
849 2328 874 2377 p.
888 2313 929 2373 bl,
950 2312 991 2361 19.
1010 2328 1036 2377 p.
1049 2312 1108 2370 132,
1129 2312 1168 2362 10.
1187 2326 1213 2375 p.
1226 2311 1285 2373 stt,
1304 2311 1329 2360 9.
1348 2326 1374 2375 p.
1388 2312 1446 2373 613,
1466 2312 1491 2361 i.
1527 2310 1614 2362 Tlruc.
1626 2312 1669 2363 111

477 2452 481 2461 ,
524 2398 557 2448 38
575 2396 620 2446 liu.
644 2426 675 2435 -
698 2398 759 2448 Non
781 2396 863 2449 valde
886 2392 980 2463 placet
1003 2395 1073 2445 mihi
1095 2393 1167 2446 istud
1185 2390 1252 2446 sont
1272 2398 1329 2445 tam
1346 2394 1429 2461 longa
1449 2394 1615 2447 disiunctum
1633 2398 1668 2448 ab

522 2472 663 2547 ὑπάρχον.
697 2481 774 2533 Alias
792 2482 862 2533 nihil
880 2496 1031 2542 moverem,
1054 2480 1108 2530 nisi
1125 2481 1245 2547 optimus
1264 2482 1315 2533 lis.
1335 2480 1475 2533 omitteret
1492 2480 1603 2546 μεῖζον,
1620 2498 1669 2547 pro

524 2580 577 2632 qno
599 2565 647 2616 alii
670 2570 812 2631 κρεῖττον,
841 2568 935 2619 forsan
958 2582 973 2616 e
997 2566 1082 2632 gloss.
1122 2566 1193 2616 Vide
1215 2565 1301 2617 schol.
1318 2564 1572 2632 opportunissimus
1594 2572 1669 2619 certe

524 2652 602 2702 locus
619 2651 821 2717 interpolatori.
857 2651 966 2702 Malim:
985 2644 1108 2716 radron,
1127 2642 1209 2703 πόλει
1228 2648 1370 2703 δυοῖν...
1388 2643 1591 2713 πιστεύεσθαι,
1610 2645 1669 2703 ἔστι

525 2730 591 2787 νυνὶ
609 2726 640 2787 τὸ
659 2733 709 2802 τῆς
727 2740 780 2787 etc.
811 2735 948 2787 Audacius
962 2736 1062 2802 possit:
1082 2728 1202 2795 radron,
1220 2734 1306 2787 δυοῖν
1324 2729 1454 2801 ἀγαθοῖν
1472 2726 1605 2789 ἅπασιν
1622 2729 1669 2789 ὄν-

525 2836 587 2871 τοιν
669 2816 874 2886 πιστεύεσθαι,
900 2816 957 2874 ἔστι
981 2814 1012 2873 τὸ
1036 2818 1087 2888 τῆς
1106 2820 1226 2880 πίστεως
1243 2812 1375 2887 ὑπάρχον
1392 2818 1456 2874 νυνὶ
1475 2820 1511 2889 τῇ
1526 2816 1621 2885 πόλει,
1638 2826 1671 2873 ut

524 2920 622 2972 nempe
641 2904 788 2957 AllACiN
802 2910 865 2972 post
882 2905 1058 2958 ΑΓΑΘΟΙΝ
1078 2905 1213 2957 exciderit
1234 2911 1264 2956 et
1281 2902 1347 2957 νυνὶ
1364 2904 1399 2973 τῇ
1418 2900 1499 2959 πόλει
1516 2908 1574 2957 siut
1589 2907 1670 2959 varia

524 2989 609 3041 lectio
623 3006 710 3055 eaque
723 3006 790 3041 vera
801 3006 850 3057 pro
863 2982 942 3057 ἡμῖν.
973 2996 1014 3041 De
1028 2986 1105 3043 ἔστιν
1116 3017 1149 3025 -
1161 2981 1290 3057 ὖιιυὶυχσν
1302 3007 1329 3056 p.
1339 2992 1398 3053 486,
1413 2990 1462 3043 10.’
1481 2992 1668 3043 Dobraeus.

525 3074 619 3125 ‘Nullo
637 3076 716 3126 modo
734 3073 903 3129 τοιουτονὶ
922 3074 956 3141 τῇ
974 3069 1055 3128 πόλει
1071 3075 1184 3127 defendi
1199 3091 1282 3142 posse
1293 3080 1370 3141 puto.
1405 3077 1527 3127 Primum
1539 3076 1669 3128 solemnis

523 3158 669 3212 verborum
687 3161 753 3213 ordo
771 3160 944 3228 postulabat,
963 3166 996 3212 ut
1013 3161 1123 3213 dativus
1140 3166 1203 3227 post
1214 3151 1312 3213 ὄντοιν
1324 3165 1472 3227 poneretur
1486 3157 1579 3230 [vere,
1597 3163 1622 3213 si
1634 3162 1669 3213 ad

524 3245 576 3297 hcc
594 3246 773 3314 participium
791 3244 965 3314 pertineret].
1003 3248 1072 3297 Tum
1089 3261 1179 3312 neque
1197 3261 1270 3297 nunc
1288 3248 1405 3310 utroque
1421 3247 1553 3300 bonoram
1567 3262 1669 3315 genere

523 3330 654 3383 utebatur
666 3333 767 3385 civitas
779 3332 1002 3395 Atheniensium,
1019 3347 1109 3398 neque
1124 3332 1251 3383 universe
1263 3332 1316 3386 hoc
1329 3331 1363 3383 de
1376 3335 1474 3399 quavis
1486 3334 1603 3385 civitate
1614 3332 1670 3382 dici

524 3420 642 3483 poterat.
677 3417 801 3469 Difficile
819 3422 912 3469 tamen
932 3422 975 3469 est
992 3419 1153 3485 excogitare
1171 3432 1225 3482 qno
1243 3419 1322 3471 modo
1341 3418 1415 3470 falsa
1432 3419 1538 3470 inserta
1555 3418 1668 3468 inerint.

523 3503 655 3555 Fortasse
674 3502 838 3569 corrigenda
856 3508 920 3555 sunt
936 3502 981 3554 vel
995 3504 1077 3555 aliter
1088 3502 1134 3554 val
1146 3504 1199 3553 hoc
1212 3503 1305 3556 modo:
1323 3503 1435 3556 συνίετε
1447 3492 1503 3555 ὅτι.
1533 3504 1602 3554 Post
1611 3502 1668 3553 Dc·

523 3588 603 3639 braei
621 3588 828 3639 annotationem
847 3588 958 3654 pronior
975 3604 1035 3640 sum
1053 3590 1082 3639 in
1101 3603 1162 3639 cam
1180 3594 1297 3655 partam,
1316 3594 1348 3639 ut
1364 3589 1484 3640 delenda
1497 3584 1668 3640 existimem'

523 3672 650 3723 Bakius
666 3673 802 3739 Hypomn.
822 3674 854 3727 T.
864 3674 908 3725 III
921 3688 947 3739 p.
960 3676 1015 3726 124.
1047 3674 1203 3725 Gravitatis
1221 3690 1307 3725 cansa
1324 3672 1389 3727 νυν1
1407 3677 1437 3725 in
1454 3674 1536 3725 initio
1552 3688 1669 3740 prouen-

523 3756 585 3807 dum
608 3762 682 3821 erat,
705 3763 739 3810 nt
760 3756 976 3825 significaretur,
1000 3765 1081 3810 tunc
1103 3758 1213 3824 quidem
1235 3761 1380 3811 civitatem
1402 3758 1455 3811 tide
1474 3758 1610 3827 gaudere,
1634 3757 1668 3808 de

524 3843 622 3908 opibus
635 3843 727 3894 tuturo
739 3846 861 3910 tempore
874 3844 1007 3910 parandis
1022 3844 1189 3911 sperandum
1200 3860 1262 3896 esse
1275 3842 1396 3908 (§.115);
1413 3844 1559 3896 sedetiam
1572 3844 1668 3910 daspe-

523 3927 653 3991 randnm,
667 3928 806 3995 Leptines
817 3928 862 3979 lex
874 3930 928 3980 nisi
941 3930 1142 3995 antiquaretur.
1170 3930 1265 3991 Quare
1276 3931 1457 3994 Turicensaa,
1469 3928 1628 3980 Dindoriins
1640 3934 1670 3979 et

524 4013 753 4065 westarmannns
770 4018 832 4079 post
848 4003 930 4067 adias
947 4016 1184 4081 interpunxernnt,
1220 4015 1312 4066 Locus
1324 4020 1417 4067 antem
1430 4016 1593 4067 obscuratus
1607 4020 1670 4066 erat

523 4096 589 4149 aliis
606 4096 752 4150 vocabulis
763 4099 912 4151 inculcatis
926 4098 991 4165 (vid.
1004 4102 1073 4151 nott
1085 4098 1185 4165 seqq.).
1220 4100 1325 4162 Quibus
1337 4102 1454 4152 resectis
1466 4104 1546 4167 patet
1557 4096 1623 4152 νυνὶ
1635 4098 1670 4166 τῇ

522 4175 604 4235 πόλει
621 4174 654 4234 ιδ
672 4181 723 4250 τῆς
740 4176 860 4245 πίστεώς
879 4176 956 4237 ἐστιν
971 4174 1102 4250 ὑπάρχον
1114 4186 1298 4237 construenda
1315 4200 1387 4236 esse.
1418 4184 1573 4253 Σογιιυῖνει
1586 4178 1620 4237 ri
1630 4183 1670 4250 τῷ

523 4260 634 4335 ιιῖοδτῳ
646 4262 700 4333 τὴν
712 4262 802 4333 δόξαν
813 4262 885 4333 πρὸς
897 4263 1047 4335 φιλότιμον
1059 4268 1154 4336 δῆμον
1165 4264 1377 4337 διαλεγόμενος.
1400 4267 1451 4322 nai
1464 4274 1594 4335 κρεῖττον
1610 4268 1669 4323 δεῖ·

522 4366 605 4403 ννυσι
618 4344 649 4404 τὸ
662 4346 877 4419 θαυμάζεσθαι.
898 4349 955 4420 ἔχει
969 4350 1080 4406 ditesce
1091 4351 1141 4405 ναὶ
1153 4348 1227 4406 κατὰ
1239 4351 1292 4422 τὴν
1304 4353 1381 4419 1έξιν
1393 4351 1548 4420 ἀσάφειαν.
1567 4346 1601 4407 οὖ
1614 4350 1669 4422 γὰρ

523 4430 606 4501 λέγει,
620 4427 663 4489 ὅτι
677 4436 710 4504 τῇ
722 4430 802 4493 πόλει
815 4434 945 4505 nodosam
959 4431 1022 4504 δύο,
1035 4437 1086 4491 ναὶ
1097 4431 1113 4492 ὁ
1126 4438 1247 4500 πλοῦτος
1256 4440 1305 4494 καῖ
1315 4435 1346 4493 ιδ
1356 4432 1573 4507 θαυμάζεσθαι,
1586 4434 1670 4506 sitici,

523 4518 608 4573 δυοῖν
629 4516 727 4576 ὄντοιν
748 4513 878 4589 cyclicis
901 4518 979 4587 παρὰ
1002 4522 1091 4575 πᾶσιν
1112 4514 1293 4591 ἀνθρώποις,
1317 4525 1352 4593 τῇ
1375 4520 1458 4578 πόλει
1480 4518 1512 4576 νδ
1538 4528 1670 4591 νυεῖιτσν

522 4596 652 4673 ὑπάρχει.
672 4607 783 4662 Seirai.
846 4608 873 4673 t)
893 4607 976 4661 δυεῖν
993 4608 1079 4664 AldV.
1097 4609 1123 4665 t.
1141 4610 1238 4661 Vindt.
1298 4610 1326 4675 o)
1345 4600 1443 4663 ὄντοιν
1459 4611 1521 4662 sine
1538 4604 1670 4677 ἀγαθοῖν
