3950 5609
576 596 797 639 nanosruaurs
813 598 863 641 οα.
879 597 1041 640 nonnosus
1057 599 1225 640 nnenruau.
1413 578 1473 642 175

327 740 462 822 οἷξιούν7
475 744 609 827 δοῦναι,
621 743 644 828 ἢ
658 742 716 821 τὰς
731 743 856 829 ἑτέροις
867 743 1035 829 πρότερον
1050 747 1209 822 δοθείσας
1219 742 1405 829 ἀφελέσθαι
1417 769 1473 812 κι-

327 844 473 912 λεύειν.3
488 843 576 911 πολύ
591 843 656 930 γὰρ
671 849 844 930 βελτίονος
857 843 982 930 ἀνδρός
994 847 1098 931 ἐστιν,
1112 847 1168 931 ἐφ’
1185 839 1346 925 οἶςαύτός
1362 837 1402 916 ed
1413 869 1473 914 πε-
1488 872 1513 911 ιο

327 951 469 1034 ποίηκεν
483 945 619 1026 ittotai
630 953 804 1033 τιμᾶσθαι,
817 945 851 1034 ἦ,
864 946 922 1032 ἐφ’
934 938 984 1026 οἷς
993 950 1018 991 ¹⁰
1029 949 1136 1034 ἕτεροι
1147 949 1348 1036 ποιήσαντες
1360 951 1483 1036 e'etpej-v

325 1057 440 1135 θησαν
448 1051 488 1134 ,¹¹
522 1057 679 1134 φθονεῖν.
725 1053 830 1135 (152)
852 1048 894 1115 “0
915 1051 951 1118 δὲ
975 1047 1035 1134 θὴῑ
1058 1051 1216 1136 μέγιστον
1237 1049 1396 1118 ἁπάντων
1417 1054 1473 1118 καὶ
1494 1109 1497 1114 .

327 1149 465 1218 κοινόνῖ
480 1149 624 1237 ὑπάρχει
640 1149 723 1218 κατὰ
739 1152 896 1219 πάντων3
911 1157 980 1218 τῶν
997 1154 1187 1218 συνδίκωντ
1216 1153 1374 1220 Τούτων4
1388 1159 1472 1221 πολ-

327 1253 423 1330 λύαις
438 1245 486 1330 εἷς
500 1240 639 1331 ἕκαστος
654 1253 822 1340 πρότερόν
836 1256 923 1320 τισι5
938 1255 1130 1340 αραμμασι6
1146 1255 1305 1333 σύνδικος
1319 1257 1471 1340 γέγονεν.
1486 1279 1511 1320 ιο

327 1358 397 1422 ἔστι
418 1355 456 1422 δὲ
477 1356 533 1420 καὶ
551 1353 651 1441 μα’λη
675 1358 761 1440 ἔχων
781 1357 884 1443 νόμος
899 1353 1000 1442 ύμῖν8
1022 1360 1150 1440 καλῶς,
1172 1354 1254 1423 ούκ9
1272 1359 1326 1424 ἐπὶ
1341 1358 1473 1436 τούτοις

327 1526 358 1574 ut
373 1518 426 1593 ipsi
441 1516 493 1574 sibi
509 1517 642 1574 honorem
657 1517 775 1592 aliquem
790 1536 805 1574 a
820 1519 896 1575 vohis
911 1527 1035 1594 peteret,
1058 1536 1137 1592 quam
1153 1527 1184 1575 ut
1200 1517 1306 1576 iuberet
1321 1519 1403 1584 ulios,
1425 1521 1471 1595 qui

327 1604 404 1678 prius
424 1603 607 1678 accepissent,
630 1603 753 1676 spoliari.
790 1621 851 1660 nem
872 1605 958 1660 multo
980 1605 1102 1660 melioris
1123 1605 1172 1660 vini
1194 1613 1236 1660 est
1252 1622 1303 1678 pro
1319 1607 1376 1661 suis
1391 1605 1472 1662 bene-

328 1688 395 1744 ficiis
411 1688 544 1744 honorem
560 1689 683 1762 exigere,
699 1705 780 1762 quom
796 1689 855 1745 eliis
871 1691 983 1745 meritos
1000 1689 1118 1746 honores
1134 1690 1261 1746 invidere.
1296 1681 1381 1762 (152)
1396 1690 1472 1759 Quod

327 1789 392 1830 vero
408 1774 528 1830 omnium
544 1773 689 1829 maximum
705 1780 747 1830 est
762 1783 790 1830 et
805 1777 833 1830 iu
849 1777 1005 1831 universnm
1021 1783 1117 1832 eontra
1133 1791 1227 1832 ornnes
1243 1775 1371 1850 syniiicos
1388 1776 1470 1832 valet:

327 1858 521 1934 Unusquisque
541 1860 657 1916 istorum
671 1857 761 1934 'saepe
776 1861 854 1934 prius
870 1859 1032 1935 quibusdum
1049 1861 1076 1916 in
1092 1862 1180 1918 causis
1196 1861 1323 1935 syndicus
1338 1861 1399 1918 fuit.
1430 1870 1472 1917 est

328 1999 405 2074 αύτῷ
429 2001 493 2060 τινα
517 2001 602 2077 τιμὴν
619 1998 695 2073 ύμᾶς
717 1997 820 2072 α’ξιοῦν
842 2007 954 2061 δοῦναι.
996 2007 1075 2072 Quod
1098 2025 1183 2076 genus
1206 2009 1268 2060 vitii
1292 2009 1405 2060 solenne
1430 2015 1473 2061 est

329 2097 358 2144 in
381 2090 484 2145 libris.‘
514 2093 565 2143 Fr.
583 2096 615 2144 A.
635 2093 791 2145 Wolfius.
831 2086 1025 2161 ‘aduecticio
1046 2094 1257 2145 Bekker.vere.
1288 2096 1378 2161 poscit
1400 2097 1472 2145 enirn

328 2179 488 2246 oppositum
506 2168 621 2241 ἑτέροις.
658 2178 712 2229 Sed
734 2179 806 2245 qnod
823 2179 940 2230 Weidno
963 2180 1004 2229 ait
1025 2177 1231 2245 παραινέσαιμι
1255 2181 1295 2230 ita
1313 2180 1412 2230 nudum
1432 2181 1472 2230 in·

327 2264 449 2315 scientia
467 2263 584 2328 quadem
602 2262 743 2327 laborare,
765 2264 865 2316 ioisnm
885 2268 936 2316 est.
963 2266 1004 2315 sie
1024 2266 1094 2314 enim
1107 2264 1211 2316 Graeci
1228 2267 1341 2330 saepius
1359 2266 1472 2330 loquun-

328 2355 380 2402 tnr.
415 2347 541 2414 Xenoph.
564 2347 639 2401 Heli.
656 2349 682 2407 1,
704 2353 715 2398 l
735 2349 758 2409 ξ.
777 2351 824 2399 27:
859 2341 1026 2414 παρῄνεσάν
1050 2365 1079 2401 τι
1102 2343 1272 2415 προθύμους
1294 2343 1380 2402 εἶναι.
1415 2351 1472 2400 Nec

328 2435 442 2485 multum
468 2433 592 2499 placebit
618 2433 731 2484 auribus
757 2421 836 2499 αύτῷ
864 2424 964 2499 αὐτῷ’
1001 2433 1217 2486 Schaeierns,
1259 2435 1331 2498 Quis
1358 2437 1472 2501 opponi·

328 2525 373 2569 tur
395 2510 515 2583 ἑτέροις,
538 2517 667 2584 praefero
690 2511 777 2585 αύτῷ.
855 2520 881 2579 t)
901 2509 1002 2582 ἀξιοῦν
1024 2511 1100 2585 ὑμᾶς
1118 2519 1198 2570 Lind.
1277 2521 1303 2583 8)
1322 2513 1430 2572 κελεύει
1450 2538 1471 2573 r.

328 2604 355 2670 9)
373 2593 458 2667 ἄξιον
475 2601 588 2654 HWoii.
665 2605 707 2666 10)
726 2596 814 2662 αὐτὸς
832 2596 987 2668 (ροειοῖς)
1079 2597 1124 2664 οἷς
1142 2620 1184 2654 om
1205 2603 1284 2656 Lind.
1356 2597 1473 2670 11)ἐτι-

327 2682 468 2756 μήθησαν
485 2680 656 2755 ποιήσαντες
677 2687 765 2752 Aegl.
783 2687 808 2737 Ιι.
825 2705 849 2738 s.
867 2689 965 2738 Vindt.

396 2769 462 2830 152.
507 2773 533 2837 1)
557 2766 594 2837 δὴ
619 2763 673 2838 ti?
701 2788 733 2837 pr
753 2770 793 2826 Ω
878 2772 905 2835 2)
930 2767 1127 2825 καὶκοικοινόν
1151 2790 1182 2839 pr
1198 2774 1236 2836 Σ,
1265 2774 1407 2841 priusnos
1431 2783 1473 2828 est

328 2875 446 2910 erasum.
515 2857 542 2922 3)
561 2848 634 2908 καθ’
652 2847 789 2909 ἁπάντων
805 2855 845 2910 Ω.
868 2856 899 2908 Τ.
915 2875 938 2910 r.
951 2857 1048 2909 Vindt.
1068 2857 1103 2909 Π.
1123 2858 1191 2912 Mei.
1210 2875 1271 2910 corr
1289 2861 1425 2912 recentior
1438 2862 1472 2914 Σ.

328 2935 536 2997 κατὰπάντων
554 2943 621 3010 ρτΣ.
642 2943 745 2996 LeurS.
765 2941 840 3008 vulg.
908 2941 937 3008 4)
956 2935 1063 2994 τούτων
1082 2958 1143 2993 enm
1162 2944 1391 2996 antecedentibus
1409 2961 1475 2996 eon·

327 3030 446 3094 iungunt
463 3027 570 3078 Aldetc.
593 3055 627 3064 -
656 3029 727 3078 Ante
750 3020 859 3080 τούτων
881 3028 1051 3092 interpunxit
1068 3027 1259 3080 Marklandus.
1295 3029 1390 3081 Seeuti
1409 3037 1474 3082 sunt

327 3113 459 3166 Reiskius
483 3118 537 3164 etc.
577 3111 625 3163 ‘Id
649 3129 701 3180 ego
723 3113 848 3163 imitatos
870 3128 944 3176 snm,
975 3113 1029 3162 etsi
1057 3125 1111 3162 non
1134 3115 1244 3164 omnino
1267 3130 1416 3180 persuasus
1440 3115 1473 3167 de

328 3198 496 3249 necessitate
520 3197 569 3248 rei.
607 3198 706 3264 quippo
730 3197 765 3248 ad
789 3197 858 3247 illud
883 3190 925 3255 εἷς
943 3191 1061 3256 ἕκαστος
1085 3198 1153 3248 nihii
1177 3203 1256 3250 vetet
1276 3201 1304 3248 in
1322 3200 1413 3250 animo
1431 3215 1473 3251 re·

328 3284 386 3350 peti
405 3273 509 3334 αύτῶν.
545 3281 600 3333 Sed
618 3282 725 3348 placet,
750 3282 855 3346 fateor,
879 3283 923 3332 vis
941 3284 1043 3345 maior,
1068 3297 1138 3348 qnae
1158 3285 1310 3349 pronomini
1329 3285 1439 3336 aceedit
1458 3303 1475 3336 a

328 3369 403 3432 loco,
428 3383 508 3433 quem
526 3382 598 3417 nnnc
616 3365 783 3433 occupavit!
813 3367 862 3419 Fr.
881 3368 912 3417 d.
930 3365 1087 3420 Wolfius.
1123 3367 1220 3420 ‘Miror
1241 3372 1328 3420 virum
1347 3370 1474 3422 doetissi-

328 3469 400 3503 mum
427 3451 461 3502 de
488 3452 656 3502 necessitate
682 3457 795 3502 nostrae
822 3451 1011 3502 distinctionis
1038 3452 1082 3502 vel
1108 3455 1247 3505 tantillum
1275 3454 1401 3507 dubitare
1425 3472 1473 3522 po-

328 3535 440 3590 tnisse.’
478 3535 696 3590 Schaeferus.
776 3536 803 3601 d)
827 3554 853 3587 τι
876 3536 937 3587 Ald.
1019 3537 1046 3598 6)
1068 3535 1281 3606 παραδείγμασι
1305 3540 1417 3590 Inddid.
1440 3558 1474 3606 pp

328 3621 415 3673 Aldv.
438 3623 497 3672 Bou
521 3622 591 3686 (non
614 3623 678 3686 Fi).
700 3628 719 3675 t.
739 3622 771 3671 X.
817 3622 936 3688 ‘Nentpe
959 3620 1044 3671 lectio
1067 3624 1216 3674 satisfacit.
1261 3626 1376 3675 Videtur
1398 3623 1474 3676 aliud

329 3708 396 3774 quid
415 3708 571 3759 abstrusius
588 3705 686 3759 latere.
721 3706 791 3756 Num
813 3704 1014 3772 παρανομοῦσι
1033 3706 1178 3772 legendum
1197 3707 1269 3759 est?'
1300 3709 1473 3761 Reiskius.

328 3792 456 3844 ‘Dictum
475 3785 680 3860 σπαράγμασι
698 3796 859 3857 propterea,
878 3791 950 3857 quod
969 3791 1078 3856 syndici
1096 3807 1150 3843 non
1169 3799 1274 3846 tantum
1291 3795 1326 3845 ad
1339 3795 1415 3862 leges
1427 3795 1474 3846 de·

331 3877 484 3929 iendendas
507 3878 598 3929 cneori
620 3875 762 3939 solebant,
790 3877 839 3927 sed
858 3876 892 3926 ed
910 3876 968 3925 oiia
987 3892 1107 3941 quoque,
1136 3893 1206 3943 quac
1226 3879 1260 3929 ad
1279 3879 1373 3946 rempi.
1392 3883 1473 3947 penti-

330 3961 454 4015 nereut.'
485 3965 531 4013 Fr.
552 3962 582 4016 Α.
601 3961 758 4012 Woliius.
827 3962 852 4024 i)
876 3961 1006 4012 ‘Videtur
1029 3979 1044 4012 e
1062 3978 1092 4012 ro
1111 3967 1172 4030 ipsa
1190 3969 1219 4014 ct
1238 3981 1252 4013 c
1270 3981 1309 4016 vs.
1329 3969 1362 4016 25
1381 3966 1474 4031 tegen-

329 4048 406 4100 dum:
432 4043 491 4100 ἔστι
509 4042 542 4100 δὲ
560 4039 683 4107 παλαιὸς
700 4043 751 4098 καὶ
769 4039 860 4113 μάλ’]
890 4045 1063 4099 Itciskiua.
1100 4047 1283 4100 ‘structuram
1303 4050 1379 4102 vides
1398 4067 1473 4101 ease:

330 4129 389 4188 ἔστι
414 4128 446 4185 δὲ
469 4125 557 4200 νόμος
574 4125 643 4201 ύμῖν
661 4123 805 4198 setpuliae
824 4129 917 4192 καλῶς
938 4126 1023 4197 ἔχων,
1051 4133 1097 4183 nbi
1120 4130 1170 4184 uui
1194 4134 1324 4197 intendit,
1352 4151 1406 4186 non
1429 4151 1474 4186 eo-

330 4219 417 4285 pniat.
454 4219 587 4271 desehin.
599 4219 657 4269 ces.
669 4219 693 4280 ὃ.
707 4221 752 4269 3³:
774 4205 856 4278 οὖτος
874 4210 890 4270 ὁ
909 4211 995 4284 νόμος
1013 4215 1063 4269 καὶ
1080 4211 1157 4284 μάλα
1170 4217 1263 4280 καλῶς
1276 4215 1355 4286 ἔχει’
1379 4223 1428 4275 Fr.
1442 4222 1473 4276 A.

330 4305 487 4356 Woliius.
530 4304 586 4354 ‘De
609 4300 659 4354 καὶ
681 4295 758 4368 μάλα
781 4305 897 4356 Woifius
920 4305 1004 4353 etiam
1027 4303 1062 4354 ed
1086 4304 1210 4369 Xenoph.
1230 4305 1304 4358 Heli.
1322 4308 1363 4370 11,
1381 4309 1397 4356 4
1415 4308 1475 4367 §.2

330 4390 444 4444 monuit.
488 4389 664 4441 Advertenda
687 4395 779 4440 entem
802 4389 928 4441 adverbii
950 4381 1028 4455 pc'iet
1051 4389 1188 4440 seiunctio
1214 4407 1230 4440 a
1254 4393 1353 4442 courite
1375 4390 1475 4450 auide.

331 4475 456 4541 Xenoph.
477 4473 570 4542 Cyrip.
589 4476 629 4537 11,
648 4476 664 4525 θ
682 4475 705 4535 ἕ.
724 4478 753 4525 3:
783 4467 799 4527 d
824 4469 857 4526 dd
878 4465 955 4540 pediu
978 4465 1062 4526 τοῦτο’
1080 4491 1113 4541 με
1132 4465 1273 4533 educimus
1290 4467 1473 4542 ὑπήκουσεν]

331 4561 548 4613 Schoeierus.
589 4559 653 4616 Vid,
671 4560 808 4614 Fritzseh.
828 4561 942 4610 Luciau.
966 4577 992 4626 p.
1012 4562 1048 4614 6,·
1072 4561 1174 4610 Der-ar.
1194 4562 1269 4614 Part.
1292 4561 1324 4611 T.
1345 4563 1356 4610 Ι
1380 4577 1405 4628 p.
1427 4563 1474 4616 teo

331 4647 374 4700 ed.
393 4648 483 4700 Klotz.
554 4647 581 4710 8)
599 4640 670 4715 ἡμῖν
686 4647 712 4696 k,
781 4644 809 4710 9)
828 4637 879 4697 ονίι
900 4662 943 4694 orn
961 4645 1057 4697 Vindl.
