3950 5609
537 568 760 611 nnuosnnnars
776 569 825 613 oa.
842 570 1005 614 ananasus
1021 573 1188 615 semiana.
1395 551 1437 618 95

292 719 407 779 τοίνυν
419 716 711 799 Λακεδαιμονίους
725 720 910 803 ναυμαχίᾳ1
929 718 985 783 uui
1000 720 1230 805 asmancium
1243 726 1322 805 μιᾶς
1336 722 1436 789 deotl-

292 817 368 894 σας8
380 819 504 899 ἔλαβεν
514 816 761 901 αἰχμαλώτους4
775 820 933 905 τριήρεις,
947 811 1015 885 εἷλε
1027 821 1064 887 δὲ
1076 826 1146 893 τῶν
1158 822 1273 908 νήσων
1284 823 1436 890 τούτοιν5

291 1033 363 1094 aios.
385 1041 413 1088 et
434 1031 706 1106 undequinquaginta
722 1034 847 1089 triremes
863 1034 982 1107 captivas
998 1033 1121 1097 abduxit,
1139 1036 1213 1109 cepit
1227 1043 1316 1091 antem
1333 1035 1434 1093 insula·

290 1134 345 1173 rum
366 1116 478 1175 illorum
499 1116 644 1193 plerasque
665 1126 692 1175 et
713 1117 823 1175 tradidit
845 1116 922 1175 vobis
943 1126 970 1175 et
991 1120 1091 1177 arnicas
1106 1120 1235 1184 reddidit,
1257 1138 1339 1195 quarn
1356 1123 1433 1196 prius

353 1332 401 1393 77.
439 1335 464 1399 1)
483 1326 560 1403 μάχῃ
571 1334 756 1387 AneodBelrlr.
770 1352 796 1403 p.
810 1338 867 1389 158.
886 1334 930 1387 Oi.
943 1336 966 1399 ἕ.
980 1338 1023 1390 79.
1036 1364 1067 1373 -
1086 1354 1171 1403 νανμ.
1185 1338 1248 1389 lus.
1261 1338 1347 1405 Augl.
1360 1339 1387 1391 k.
1398 1366 1432 1377 —

289 1418 441 1487 ναυμαχῶν
453 1418 566 1473 Aristid.
578 1420 629 1471 Rh.
642 1420 674 1470 T.
687 1421 726 1471 tx
738 1436 764 1487 p.
775 1423 825 1473 388
837 1422 880 1475 W.
933 1421 959 1485 t)
972 1415 1152 1486 πεντήκοντα
1165 1424 1249 1474 etiam
1263 1422 1431 1479 Anechlrk.

289 1506 346 1561 Vid.
359 1505 516 1557 liehdantz.
532 1505 603 1555 virt.
622 1521 648 1571 p.
661 1508 694 1556 60
708 1521 749 1571 aq.
784 1504 966 1556 Confirmatnr
984 1506 1030 1556 hic
1049 1522 1178 1557 uumerus
1197 1510 1282 1559 etiam
1300 1508 1431 1559 inferiore

288 1590 345 1641 loco
361 1586 450 1643 alios
463 1588 569 1657 (unam)
582 1577 602 1655 ἢ
614 1587 732 1654 εἴκοσιν,
744 1592 776 1641 tl
786 1588 820 1657 4-
829 1592 862 1642 49
876 1610 910 1634 --
925 1580 1123 1657 ἑβδομήκοντα
1137 1593 1161 1653 ξ.
1174 1594 1216 1643 80.
1244 1592 1297 1645 Sed
1310 1592 1431 1645 Diodoro

288 1676 346 1737 XV,
363 1678 397 1727 86
414 1676 439 1737 ξ.
459 1678 490 1727 ιι
521 1666 645 1741 τριήρεις
663 1674 719 1728 τῶν
736 1674 977 1741 Δακεδαιμονίων
1000 1671 1254 1743 διεφθάρησαν
1272 1677 1365 1731 εἴκοσι
1381 1677 1431 1732 aul

288 1756 429 1826 τέτταρες,
455 1765 485 1811 et
502 1760 677 1811 Scholiastae
699 1759 830 1812 Aristidis
851 1777 877 1827 p.
896 1762 945 1811 282
968 1760 1052 1811 Dind.
1071 1757 1241 1815 κατέδυσε
1263 1762 1338 1826 (scil.
1359 1762 1430 1814 Cirn-

288 1846 370 1913 briaa)
383 1840 523 1912 τέσσαρας
534 1838 606 1909 πρὸς
624 1843 797 1907 cornelion
815 1842 887 1906 ναάρ
905 1860 958 1896 aon
977 1846 1141 1897 adversatur
1157 1847 1204 1898 hic
1220 1847 1314 1911 locus,
1330 1848 1377 1899 nbi
1395 1849 1430 1899 de

288 1930 469 1983 submersis
497 1929 550 1982 ael
580 1930 708 1982 fractis
730 1930 1013 1983 Lacedaemoniorum
1037 1931 1156 1983 navibus
1181 1934 1286 1997 agitur,
1316 1949 1371 1983 non
1396 1933 1429 1984 de

289 2018 396 2083 captis
418 2016 449 2066 in
472 2030 566 2082 pugna
589 2016 624 2065 ad
648 2016 754 2066 Naxum
771 2018 818 2081 49,
850 2022 879 2067 et
901 2015 964 2067 aliis
986 2020 1084 2081 postes
1108 2014 1187 2081 (post
1209 2033 1271 2067 eam
1293 2020 1428 2085 pugnam)

288 2100 346 2152 aliis
363 2100 560 2165 occasionibus
579 2100 681 2152 etalio
700 2106 824 2167 tempore
842 2101 985 2166 occupatis
1003 2100 1063 2166 plns
1075 2103 1117 2152 20.
1146 2100 1208 2151 Vid.
1227 2101 1337 2154 Sieaers
1356 2104 1428 2163 Hist.

288 2187 330 2238 Gr.
347 2202 372 2254 ρ.
391 2188 453 2238 tat.
490 2185 544 2236 Sed
562 2186 591 2237 ia
614 2185 725 2237 Scholia
745 2186 780 2237 ad
802 2185 951 2237 Aristidem
969 2186 1093 2252 proximo
1115 2200 1164 2251 pro
1186 2180 1249 2239 δάο
1271 2180 1305 2237 δὲ
1324 2178 1428 2240 αάτάν-

288 2270 367 2336 δροος
386 2265 473 2338 {iupis
494 2270 667 2322 scribendum
685 2286 745 2323 esse
764 2262 850 2323 διττά
869 2276 923 2325 eto.
943 2271 1092 2321 secundum
1109 2271 1259 2321 Diodorum
1278 2272 1297 2322 l.
1311 2287 1335 2321 c.
1354 2273 1428 2323 Reh-

287 2356 409 2407 dsntzins
428 2370 537 2423 quoque
555 2352 587 2421 (l.
599 2372 623 2410 c.
641 2372 668 2423 p.
682 2354 725 2419 nt)
744 2355 830 2422 vidit,
849 2356 972 2407 confusis
990 2357 1064 2407 notis
1075 2356 1104 2405 11
1115 2360 1145 2405 et
1156 2356 1192 2409 Η.
1260 2356 1288 2420 ³)
1306 2348 1429 2423 δεούσης

286 2441 341 2493 Ald.
352 2442 412 2497 aet.
426 2443 454 2495 k.
467 2458 491 2495 ν.
509 2442 606 2493 vinds.
625 2440 691 2496 Mal.
710 2440 854 2492 Aristides.
872 2439 1059 2493 Anechckls.
1079 2468 1111 2476 -
1129 2433 1251 2501 διοάσαρ
1269 2442 1304 2493 Σ.
1322 2443 1427 2499 Lanos.

286 2527 356 2595 rnlg.
390 2527 504 2579 ‘Recte
538 2528 640 2592 Lysias
657 2526 761 2592 Diogit.
779 2544 805 2593 p.
823 2528 873 2577 907
890 2524 1159 2589 nlt.Thucid.V111,
1178 2528 1276 2577 dextr.
1291 2533 1320 2577 ct
1331 2528 1347 2578 i
1359 2532 1427 2585 extr.

286 2612 358 2675 Quae
377 2612 549 2665 constructio
573 2616 615 2662 est
638 2626 705 2663 sane
724 2611 806 2678 longe
823 2608 975 2663 usitatior.’
1006 2610 1182 2677 Taylorns.
1223 2612 1340 2663 Praeter
1357 2613 1427 2664 alios

284 2698 336 2752 aid.
354 2696 458 2751 Bromi.
478 2698 512 2749 ad
530 2696 636 2764 Aphoh.
654 2696 668 2747 1
686 2697 709 2759 ᾖ.
725 2700 767 2748 35.
805 2691 940 2764 *δεούσης
959 2694 1089 2762 frequens
1107 2697 1137 2746 in
1154 2697 1209 2747 hnc
1226 2684 1366 2748 structura
1384 2704 1428 2749 eat

285 2797 355 2833 error
371 2782 562 2849 librariorum,
581 2796 655 2832 nuno
672 2782 774 2848 ubique
793 2780 852 2832 iere
870 2781 1005 2835 sublatus.
1041 2781 1103 2836 via.
1120 2782 1153 2832 1..
1172 2781 1301 2833 Dindort.
1321 2780 1355 2832 sd
1373 2784 1427 2833 Xe·

285 2868 361 2934 noph.
376 2868 414 2923 H.
435 2868 483 2919 Gr.
502 2868 561 2933 1,1
586 2868 609 2929 5.
627 2868 653 2917 δ.
689 2864 796 2921 Sinten.
816 2866 852 2917 nd
875 2866 950 2917 Plut.
974 2868 1030 2918 Vit.
1054 2864 1314 2933 v01.111p.1aa.’
1344 2868 1426 2917 Din-

285 3003 421 3057 doriius.
440 3031 476 3041 -
492 3003 614 3064 δεοοσοις
625 3002 656 3053 F.
670 3002 701 3055 Π
711 3000 756 3070 (ης
775 3018 792 3055 a
810 3002 931 3055 secundo
949 3002 1031 3069 corr).
1044 3002 1079 3056 Χ.
1148 3004 1175 3068 ι)
1194 3021 1211 3054 ν
1228 2997 1425 3070 αἰχμαλώτους

285 3104 323 3139 om
344 3088 513 3143 Anschkk.
539 3087 619 3141 Lind.
689 3088 716 3150 b)
739 3086 847 3152 ‘Quare
869 3082 994 3141 sarisas?
1015 3104 1078 3140 nam
1102 3088 1210 3139 insulae
1228 3086 1379 3154 (Cyclades
1398 3094 1427 3139 et

285 3176 430 3228 nonnullae
449 3174 549 3242 aliae),
568 3174 601 3225 ds
621 3188 733 3238 quarum
752 3172 866 3239 imperio
884 3178 941 3223 tam
958 3188 1043 3241 saepe
1056 3172 1263 3224 contendebant
1274 3172 1427 3224 Athenien·

285 3274 326 3311 ses
338 3268 366 3313 ct
377 3259 608 3322 Lacedaemonii,
627 3258 756 3311 absolute
773 3258 946 3309 vocabantur
958 3253 992 3310 ai
1002 3258 1093 3325 νῆσοι.
1128 3259 1173 3309 lta
1185 3274 1269 3324 snpra
1281 3275 1307 3324 p.
1318 3260 1379 3322 477,
1392 3260 1425 3309 22

285 3350 310 3393 οι
326 3347 426 3411 Lysias
444 3346 474 3395 in
491 3344 582 3395 Alcib.
602 3348 630 3394 et
653 3356 746 3394 omnes
765 3343 867 3395 Graeci
890 3343 1028 3404 historici,
1053 3344 1139 3393 etism
1157 3345 1218 3393 sine
1237 3342 1356 3395 articulo
1375 3337 1426 3410 νή·

284 3442 336 3481 σοι
352 3420 428 3497 cippi
445 3429 491 3481 Pa.
509 3429 652 3480 Lucienus
669 3428 782 3481 Enoom.
800 3428 879 3479 Dona.
899 3444 994 3481 uersus
1016 3428 1105 3479 tinem.
1142 3422 1251 3481 τούτων
1268 3429 1353 3495 igitur
1370 3445 1425 3480 non

285 3520 324 3565 est
340 3516 375 3567 ad
394 3530 460 3567 rena.
491 3508 540 3581 [ai
556 3512 637 3580 νῆσοι
660 3528 793 3579 nunqnam
817 3514 850 3564 dc
870 3512 1037 3579 Cycladibus
1056 3512 1222 3580 intelligitur
1239 3515 1293 3565 nisi
1312 3519 1425 3567 contex-

285 3604 324 3649 tns
345 3600 435 3651 lucem
458 3600 612 3651 narrationi
634 3594 736 3665 affert]
772 3600 851 3651 Venti
874 3598 982 3665 quidem
1004 3605 1096 3665 potest
1112 3600 1212 3660 horam,
1235 3600 1424 3653 Lacedaemo-

284 3684 396 3747 niorum
415 3684 465 3735 ssd
482 3685 580 3737 melius
598 3683 731 3737 abesset)
753 3683 984 3737 Marklandus.
1021 3683 1076 3735 Cur
1093 3684 1192 3735 melius
1211 3684 1341 3735 abesset?
1369 3686 1423 3735 Ra-

284 3768 420 3821 terendum
439 3784 499 3821 esse
518 3786 666 3837 pronomen
679 3770 714 3821 ad
726 3769 963 3821 Lacedaemonios
975 3769 1057 3819 docet
1068 3784 1156 3819 nexus
1167 3770 1325 3820 sententiae
1339 3770 1424 3833 (lieh-

284 3852 370 3907 dsnts.
392 3855 410 3908 l.
431 3872 455 3907 o.
480 3872 506 3922 p.
525 3855 584 3923 62),
608 3856 692 3907 etism
710 3854 847 3906 Diodorus
864 3855 924 3917 XV,
942 3856 976 3906 30
998 3859 1070 3905 extr:
1094 3846 1183 3913 αὐτὸς
1201 3851 1370 3917 (Clrabrias)
1390 3850 1422 3906 di

283 3940 342 4001 ταῖς
358 3932 484 3993 Κυκλάσι
508 3933 606 4007 νήσοις
625 3932 779 4005 ἐπιπλέων,
802 3932 997 4005 προσηγάγετο
1015 3934 1195 4005 Πεπάρηθον
1215 3935 1264 3990 καὶ
1283 3939 1422 3992 Σκίαθον

283 4024 332 4076 ταί
345 4042 424 4085 τινας
442 4015 530 4085 sillae
547 4020 721 4091 τεταγμένας
738 4016 795 4077 ὑπὸ
813 4022 1124 4090 Λακεδαιμονίοις.
1161 4026 1329 4077 ‘Pronomen
1350 4026 1421 4077 benc

284 4107 370 4161 hahet.
400 4112 488 4161 harum
505 4110 669 4173 insularum,
692 4110 725 4161 de
744 4110 842 4177 quihus
860 4124 1040 4161 commemoro
1060 4117 1088 4159 et
1107 4124 1176 4175 qaas
1193 4126 1242 4161 vos
1260 4127 1355 4163 omnes
1372 4128 1420 4165 no·

283 4194 340 4244 stis.
377 4196 574 4247 Nominsverat
596 4196 680 4262 paulo
703 4200 768 4247 ante
789 4195 925 4261 Aeginam
952 4199 980 4245 et
1003 4192 1145 4261 Cyprum!
1176 4195 1350 4251 Reislrins.
1384 4200 1422 4249 At

285 4277 351 4329 alias
372 4296 432 4332 esse
454 4281 652 4349 intelligendas
676 4296 690 4331 e
709 4281 825 4333 Diodori
848 4280 997 4331 traditione
1018 4278 1163 4344 discimus,
1186 4284 1215 4331 et
1231 4282 1366 4347 Aeginam
1384 4298 1420 4333 ne

285 4376 341 4413 esse
366 4366 475 4432 quidem
496 4367 711 4419 Atheniensibus
741 4382 773 4418 eo
801 4370 923 4433 tempore
950 4364 1090 4417 subditam
1113 4372 1230 4431 apparet
1257 4383 1271 4417 e
1292 4366 1418 4433 Xenoph.

285 4446 351 4503 illst.
370 4450 416 4503 Gr.
435 4452 457 4501 V
475 4453 535 4503 init.
555 4452 601 4503 cll.
618 4452 656 4505 VI
674 4454 690 4503 2
708 4452 769 4503 init.
806 4452 860 4503 Sed
882 4468 897 4502 e
916 4451 1015 4517 Cypro,
1033 4450 1122 4513 Naxo,
1139 4451 1221 4515 Paro,
1240 4451 1304 4501 aliie
1321 4450 1419 4502 insulis

284 4530 427 4586 Nausinioo
445 4537 584 4588 Archonte
603 4538 687 4589 sociis
704 4538 760 4589 vid.
778 4538 844 4592 Ara.
857 4536 1001 4589 Schaeier.
1019 4537 1061 4586 Ι)ο
1075 4535 1164 4587 Sociis
1176 4537 1277 4591 Athen.
1294 4554 1319 4603 p.
1336 4540 1366 4587 to
1378 4554 1418 4602 sq.

284 4614 372 4683 Neque
390 4620 545 4686 significare
564 4638 713 4689 pronomen
731 4626 822 4689 potest
839 4622 866 4677 h.
884 4621 902 4671 l.
922 4638 986 4687 quos
1004 4622 1096 4680 nostri,
1120 4622 1184 4686 quin
1207 4622 1342 4673 maniteso
1361 4628 1418 4673 turn
