3950 5609
537 560 575 623 16
780 580 1002 625 annoannsme
1018 580 1070 623 oa.
1087 578 1250 623 narsaeus
1265 579 1433 621 nnrmuau.

534 726 576 793 οά
599 726 664 811 γάρ
693 727 805 793 ἐκεῖνό
827 727 895 810 y’¹‘⁵
923 727 1088 793 evermu
1118 728 1243 809 εἰπεῖν,
1272 722 1351 803 ὦς’ὶθ
1379 724 1441 792 τὸν
1466 724 1573 792 αὐτὸν
1599 728 1679 811 rod·
1761 717 1766 828 Ἰ

495 862 521 906 20
534 853 617 912 πον,
638 828 773 913 ὅναεο21
796 828 875 905 τούς
896 829 1065 913 ἕχονναςῖ2
1079 826 1141 913 τὴν
1157 825 1289 911 δωρεὰν
1308 824 1467 906 ἀναξίους
1483 829 1681 914 ἐνόμιζεν,Ἡ
1778 823 1779 832 ’

1760 969 1766 999 1

533 1028 557 1081 oi
573 1026 662 1081 dicere
679 1023 756 1087 lieet,
774 1040 803 1079 se
819 1024 913 1081 codem
929 1024 1025 1087 modo,
1042 1040 1097 1097 qino
1114 1025 1283 1081 immunitate
1299 1024 1449 1097 gaudentes
1464 1024 1592 1099 indignos
1607 1026 1681 1081 iudi·
1756 1003 1779 1092 l

534 1260 562 1309 in
586 1276 618 1310 eo
636 1274 690 1309 non
708 1260 798 1309 minus
815 1258 859 1309 vis
883 1256 1018 1323 quaedam
1041 1262 1083 1308 est
1100 1258 1205 1324 posita,
1236 1256 1307 1322 qnod
1330 1272 1365 1308 ne
1389 1256 1474 1308 dandi
1497 1256 1606 1323 qnidam
1631 1275 1679 1325 po·

532 1348 622 1395 tostas
641 1342 759 1411 amplias
772 1343 986 1395 Atheniensibus
1004 1344 1041 1393 sit
1059 1358 1192 1393 concessa
1211 1356 1324 1407 eamque
1343 1342 1433 1407 ipsam
1445 1344 1612 1408 gravitatem
1623 1344 1679 1394 De·

534 1430 649 1480 metrias
668 1429 857 1496 deprehendit.
893 1427 1050 1479 Excuaahis
1067 1428 1152 1493 igitur
1169 1426 1215 1477 hic
1232 1426 1340 1477 hiatum
1358 1427 1412 1491 ita,
1433 1432 1464 1477 ut
1481 1426 1560 1479 dicas
1578 1429 1678 1479 Demo·

534 1514 657 1565 athonem
676 1517 843 1581 gravitatem
863 1513 1023 1579 elegantiae
1043 1508 1225 1565 antetulisse!
1245 1512 1461 1564 Benselerns.
1491 1514 1570 1567 Hiat.
1583 1530 1610 1579 p.
1622 1516 1678 1565 103.

535 1600 576 1661 18)
595 1591 624 1666 γ’
643 1616 685 1649 om
703 1600 800 1665 Appfr.
859 1598 901 1661 19)
920 1590 997 1650 ἐστίν
1014 1598 1102 1663 Augl.
1120 1625 1153 1633 -
1171 1592 1249 1649 ἔστιν
1266 1596 1352 1648 AldV.
1409 1597 1454 1662 20)
1472 1591 1511 1658 ἀς
1528 1591 1564 1650 oti
1581 1599 1676 1665 Appir.

533 1685 602 1735 Item
625 1683 716 1748 dldV,
738 1684 787 1735 sed
811 1684 932 1735 deletum
956 1675 1000 1735 οά.
1069 1683 1112 1745 21)
1135 1670 1223 1746 ὅνπερ
1247 1697 1290 1732 om
1313 1699 1337 1735 r.
1405 1682 1451 1745 22)
1474 1675 1542 1743 τοάς
1560 1678 1676 1750 ἔχοντας

534 1759 669 1832 ἀφείλετο
695 1768 769 1820 libri.
805 1797 837 1805 -
870 1756 920 1828 οὓς
944 1762 983 1835 ἔχ.
1007 1757 1060 1832 ἀφ.
1085 1768 1206 1817 coniecit
1228 1768 1463 1818 Westcrmannus.
1492 1769 1578 1819 habet
1599 1768 1674 1818 Aldl'

534 1869 641 1919 qnoque
661 1842 724 1917 οὓς,
750 1854 798 1906 sed
821 1854 930 1919 punctis
954 1859 982 1906 et
1007 1852 1083 1903 linea
1101 1854 1234 1903 notatum.
1270 1853 1330 1903 Vid.
1349 1858 1405 1903 not.
1425 1855 1467 1905 23.
1536 1852 1578 1918 23)
1596 1850 1673 1917 νομί-

532 1938 587 2000 ζων
605 1938 664 1989 1ὀ1.
683 1938 751 1989 Mor.
771 1939 849 1991 Cant.
870 1940 949 1989 Lesa.
968 1939 1000 1991 F.
1019 1946 1037 1993 t,
1074 1936 1103 1987 Si
1121 1938 1300 2003 participium
1317 1937 1518 1989 Demosthenes
1536 1937 1672 1989 adhibuis-

533 2029 591 2141 pet,
611 2017 746 2089 (linisset,'
765 2024 788 2073 si
807 2024 871 2088 qnid
891 2022 995 2087 seatio,
1019 2022 1147 2088 νομίσας.
1170 2050 1203 2058 -
1225 2014 1355 2088 ἐνόμιζεν
1372 2021 1406 2075 Σ.
1424 2022 1526 2074 Laan.
1550 2022 1624 2089 vulg.
1643 2050 1673 2058 —

533 2094 662 2225 vm&
672 2159 705 2209 X.
744 2160 837 2210 ‘Fert
852 2160 997 2211 voluerant
1014 2159 1058 2210 illi
1075 2144 1134 2219 οὓς
1152 2148 1289 2222 ἀναξίους
1307 2150 1442 2225 ἐνόμιζεν.
1472 2158 1602 2227 Suspicor
1617 2162 1674 2225 qai·

533 2244 647 2294 beandam
670 2244 749 2296 libris
771 2244 835 2295 olim
858 2235 994 2311 ἀφείλετο
1021 2244 1104 2311 plano
1131 2244 1257 2295 abfuisse
1279 2260 1396 2309 eamque
1420 2244 1570 2297 lectionem
1592 2245 1674 2311 probo

532 2330 589 2393 sic,
613 2334 643 2379 nt
661 2330 771 2396 legatur
788 2320 877 2395 ὅνπερ
895 2322 962 2390 τούς
981 2323 1099 2394 ἔχοντας
1123 2322 1200 2396 ἔχειν
1220 2322 1274 2395 τὴν
1296 2325 1408 2394 δωρεὰν
1425 2321 1563 2393 ἀναξίους
1581 2320 1675 2393 ἐνόμι-

533 2413 599 2475 ζεν.’
623 2414 793 2466 Reislrius.
834 2408 986 2477 ίἀναξίους
1009 2412 1131 2479 νομίζων
1153 2413 1288 2478 Taylorns
1311 2412 1346 2465 ad
1364 2414 1423 2468 Fal.
1442 2415 1594 2468 verissime.
1620 2414 1674 2463 nisi

534 2500 594 2563 qais
611 2500 701 2565 potins
725 2504 867 2565 utramque
890 2514 988 2550 vocem
1011 2514 1045 2549 ex
1065 2500 1295 2565 interpretatione
1319 2504 1398 2565 putet
1418 2501 1560 2550 intrusam.
1595 2496 1672 2548 Ordi-

533 2600 594 2633 nem
617 2584 756 2634 disturbat
778 2576 914 2650 ἒνόμιζεν.
933 2612 967 2621 -·
984 2586 1049 2635 Mox
1067 2584 1139 2635 male
1157 2585 1265 2635 iaciunt
1282 2584 1330 2649 qni
1346 2585 1476 2635 omittunt
1496 2577 1531 2636 rol
1549 2574 1672 2635 ἑαυτοῦ]

533 2668 582 2723 Fr,
602 2668 634 2719 A.
654 2668 747 2719 Wolf
752 2669 813 2721 ius.
855 2670 941 2719 ‘Mira
959 2671 1093 2735 euspicio,
1120 2684 1181 2721 esse
1203 2685 1299 2735 posse,
1323 2670 1370 2735 qut
1391 2660 1530 2733 ἀναξίους
1552 2667 1675 2735 νομίζων

534 2768 567 2803 ex
590 2753 815 2819 interpretatione
839 2759 918 2820 putet
940 2755 1082 2804 intrusum.
1121 2754 1183 2805 Hoc
1207 2754 1279 2806 enim
1302 2754 1326 2805 si
1348 2752 1456 2818 deleas,
1479 2758 1675 2820 comparantur

533 2836 776 2903 incomparabilia,
802 2831 834 2890 τὸ
857 2832 1054 2904 ἀφαιρεῖσθαι
1075 2833 1132 2904 τὴν
1151 2832 1263 2905 δωρεὰν
1285 2844 1313 2890 et
1334 2830 1365 2890 τὸ
1387 2830 1525 2905 ἡγεῖσθαι
1542 2829 1671 2901 ἀνάξιον.

533 2922 588 2973 Sed
610 2928 714 2986 orator,
741 2929 772 2974 ut
794 2924 902 2987 debuit,
931 2924 1103 2989 comparavit
1124 2915 1177 2989 τὴν
1200 2922 1257 2975 τῶν
1278 2916 1386 2976 ἀτελῶν
1407 2914 1532 2985 ἀναξίαν
1554 2938 1615 2972 cnm
1637 2920 1673 2987 τῇ

532 3006 583 3059 τοῦ
602 3000 696 3073 δήμου
714 2999 828 3075 ἀναξία.
867 3008 995 3060 Delenda
1014 3013 1105 3059 antem
1123 3009 1297 3074 hypostigme
1320 3008 1401 3075 vulgo
1423 3010 1514 3074 posita
1535 3012 1599 3074 post
1620 3005 1673 3056 dor·

532 3086 609 3159 proin.
641 3094 796 3159 syntecticc
825 3095 896 3145 enim
924 3093 1075 3144 cohaerent
1099 3082 1186 3159 ὅνπερ
1209 3085 1347 3158 ἀναξίους
1373 3092 1504 3159 νομίζων.
1540 3090 1619 3154 Quod
1650 3094 1674 3141 si

531 3179 663 3245 scriptum
691 3186 764 3230 asset
790 3168 871 3243 ὄντες
894 3170 960 3237 τοὺς
988 3174 1106 3244 ἔχοντας
1129 3171 1306 3243 ἀφελόμενος
1328 3171 1381 3245 τὴν
1404 3172 1515 3242 δωρεὰν
1536 3172 1675 3240 ἀναξίους

533 3255 674 3329 ἐνόμιζεν,
699 3264 869 3330 comparatio
894 3264 965 3315 foret
986 3265 1167 3316 manifestior.
1202 3264 1282 3315 Nunc
1298 3280 1349 3329 per
1366 3263 1535 3315 metathesin
1553 3260 1620 3327 (not.
1640 3260 1676 3312 ad

532 3348 623 3402 Schol.
642 3348 768 3415 Apollon.
788 3348 874 3400 Rhod.
895 3364 921 3414 p.
942 3350 1002 3411 174)
1019 3349 1130 3415 paulum
1148 3350 1298 3400 obscurata
1316 3354 1372 3412 est,
1391 3364 1444 3414 quo
1465 3349 1555 3415 magis
1573 3348 1678 3399 existat

532 3434 608 3483 notio
631 3436 756 3500 inprimis
780 3434 930 3495 invidiosa,
956 3424 1205 3499 τὸἀφαιςεῖσθαι
1227 3425 1281 3500 τὴν
1302 3426 1433 3498 roseata!
1457 3433 1678 3485 Schacierus.

533 3518 657 3569 Klotaius
677 3519 711 3569 ad
730 3520 832 3570 Devar.
853 3520 884 3569 Τ.
904 3520 932 3570 11
950 3536 976 3585 p.
995 3520 1029 3569 ot
1051 3518 1175 3570 codicem
1194 3518 1221 3569 Σ
1241 3518 1425 3585 plurimosque
1448 3534 1570 3585 sequens
1593 3510 1680 3584 ἀφεί-

533 3605 596 3655 λετο
678 3596 806 3670 ἐνόμιζον
824 3609 921 3655 censet
944 3618 1006 3655 esse
1029 3603 1193 3668 asyndeton.
1230 3604 1268 3654 ‘si
1287 3620 1335 3668 ea,
1359 3605 1464 3670 inquit,
1488 3619 1545 3668 qua
1567 3620 1620 3671 par
1638 3610 1681 3655 est

532 3705 600 3739 voce
619 3704 706 3753 caque
724 3688 881 3753 indignanti
899 3688 1046 3739 celeritate
1126 3689 1327 3755 pronuntiatur,
1345 3704 1398 3740 nec
1417 3689 1489 3741 adeo
1509 3688 1626 3741 difficile
1640 3695 1683 3739 est

533 3774 568 3824 ad
592 3771 800 3839 intelligendum
823 3779 851 3825 et
874 3775 987 3839 egregie
1010 3775 1176 3839 gravitatem
1199 3775 1316 3825 oratoris
1339 3790 1373 3824 ac
1393 3775 1451 3825 vim
1469 3773 1584 3841 prodit)
1621 3775 1682 3825 Hoc

533 3857 687 3924 asyndeton
710 3858 744 3909 ad
768 3859 926 3909 evitandum
950 3864 1015 3909 ante
1037 3851 1175 3923 ἀναξίους
1194 3860 1417 3910 coniunctionem
1435 3860 1615 3913 inserendam
1632 3859 1682 3913 acl

532 3944 711 3995 coniecerunt
722 3943 800 3995 AldV
819 3942 912 4009 (quum
932 3960 966 3995 ea
983 3933 1033 4003 οὓς
1051 3946 1178 4009 superins
1197 3944 1367 4009 delevisset),
1386 3945 1465 3995 AldB
1485 3952 1515 3998 et
1533 3946 1683 4012 Sanppius.

533 4029 637 4081 Contra
660 4031 765 4081 monuit
788 4030 1015 4081 Westermannus
1038 4030 1066 4079 in
1089 4031 1166 4083 Dior.
1184 4030 1277 4095 hatiq.
1302 4030 1368 4080 1844
1389 4030 1443 4082 No.
1463 4034 1497 4084 73
1521 4048 1548 4099 p.
1568 4033 1619 4083 ott
1641 4033 1683 4083 sic

533 4116 644 4179 gravius
668 4120 732 4167 ants
755 4114 858 4166 dictum
883 4132 943 4166 esso
969 4119 997 4165 et
1020 4130 1130 4165 cansam
1150 4117 1229 4181 sequi
1244 4130 1398 4181 perperam.
1437 4118 1504 4183 Ipse
1523 4122 1582 4169 turn
1600 4118 1684 4169 male·

533 4200 582 4250 bat
604 4189 658 4251 ὅτι
679 4194 817 4263 ἀναξίους
840 4192 977 4267 ἐνόμιζεν.
1013 4200 1050 4251 nt
1071 4201 1143 4251 idem
1165 4201 1215 4251 ille
1237 4204 1335 4267 postea
1360 4200 1530 4253 facillimam
1556 4204 1685 4255 emenda·

533 4285 632 4336 tionem
656 4272 706 4345 οὓς
730 4280 847 4351 ἔχοντας
869 4286 931 4337 loco
954 4281 1021 4345 τοὺς
1046 4280 1164 4351 ἔχοντας
1187 4286 1295 4337 invenit
1317 4284 1473 4338 Commeat.
1493 4289 1562 4343 Orit.
1582 4291 1596 4341 1
1614 4306 1642 4356 p.
1660 4293 1684 4341 3.

532 4370 645 4421 Delevit
667 4371 824 4421 Diodoriine
847 4366 983 4437 ἀφειλετο
1006 4372 1035 4420 in
1053 4372 1081 4423 Σ
1101 4371 1211 4422 lineolis
1236 4374 1386 4423 atramenti
1410 4375 1525 4440 antiqui
1547 4380 1683 4437 notatum,

532 4459 563 4503 nt
582 4470 596 4504 o
615 4456 803 4521 superioribus
821 4456 893 4507 male
912 4459 1069 4523 repetitum.
1105 4456 1221 4508 Talibus
1239 4459 1312 4508 notis
1330 4458 1418 4508 etiam
1431 4459 1460 4511 Σ
1471 4460 1546 4512 solet
1563 4463 1618 4527 uti,
1637 4462 1684 4513 uhi

532 4538 705 4604 negliganter
722 4543 835 4593 venbnm
853 4542 898 4593 vol
915 4540 1023 4608 syllaba
1041 4544 1160 4608 repetita
1177 4549 1239 4593 erat
1256 4560 1281 4595 v.
1301 4559 1326 4594 c.
1344 4544 1369 4603 §-
1384 4545 1418 4595 16
1436 4532 1534 4612 ἀάνα,
1552 4548 1602 4597 nbi
1620 4547 1684 4597 nlti-

532 4640 602 4676 mum
627 4642 645 4675 α
666 4632 767 4693 parneio
790 4632 818 4677 et
836 4626 910 4678 linea
929 4633 971 4679 est
989 4634 1121 4683 notatam.
1157 4630 1181 4690 §-
1200 4630 1250 4679 31:
1273 4644 1393 4694 ονοντα,
1417 4635 1560 4699 repetitae
1583 4632 1683 4685 literae
