3950 5609
536 530 578 595 tt
784 546 1006 593 praeeramus
1023 543 1434 591 oasnvaasussscrmsa.

537 698 669 778 detto.³
697 703 767 764 ῖστε
788 694 852 781 γὰρ
874 697 985 782 δήπου
1005 693 1133 777 rosiit',⁸
1154 692 1207 759 ὅτι
1224 698 1294 759 τῶν
1308 702 1536 781 τριηραρχιῶν
1550 697 1686 777 οὐδείς3

538 914 609 972 quos
630 896 796 953 vacationem
818 894 946 969 adeptos.
968 892 1110 950 esoendam
1125 891 1202 949 vobis
1217 907 1279 948 esse
1295 893 1381 951 utilis.
1411 911 1502 969 neque
1516 896 1590 952 enim
1604 894 1686 953 robis

536 1114 610 1182 vulg.
628 1140 660 1150 —
684 1114 756 1179 ‘Ape
774 1129 847 1175 vero,
871 1113 1071 1179 pauperculae
1087 1128 1151 1178 opes
1168 1113 1280 1173 illm,
1301 1115 1454 1165 immutate
1468 1122 1574 1179 partae,
1590 1116 1686 1167 adoa-

535 1202 614 1251 san'ie
631 1201 726 1251 nostris
743 1206 794 1249 tam
810 1200 930 1249 molestae
946 1203 1018 1256 eant,
1036 1212 1083 1248 eos
1099 1199 1126 1248 in
1143 1198 1294 1248 comoda
1310 1199 1378 1264 reip.
1389 1200 1483 1250 cedere
1494 1200 1687 1252 ammento.

536 1286 619 1337 oritur
641 1286 713 1343 iude,
736 1284 839 1349 inquit,
862 1284 960 1333 setilitus
981 1284 1076 1333 collata
1097 1284 1124 1333 ia
1146 1283 1251 1333 ιιιτιῖὶιιτι
1273 1278 1331 1345 (εἰς
1352 1276 1465 1349 μέσον).
1486 1308 1525 1322 -
1552 1280 1593 1344 εἰς
1614 1280 1688 1337 δέον

538 1369 632 1421 affinis
651 1375 694 1421 eet
711 1369 869 1435 potestatis,
889 1372 919 1417 at
936 1368 1050 1418 minime
1069 1369 1142 1429 eius,
1161 1382 1232 1431 quae
1250 1366 1278 1417 h.
1296 1367 1315 1419 1.
1332 1368 1498 1434 postulatur.
1533 1369 1636 1420 Discus
1653 1370 1687 1419 id

539 1470 593 1521 ep.
605 1456 665 1517 tue,
680 1456 719 1505 15.
756 1454 846 1519 Igitur
860 1456 891 1503 ut
909 1452 976 1503 ferri
989 1453 1108 1503 tortasse
1120 1452 1252 1503 selectio
1269 1453 1370 1518 possit,
1387 1468 1443 1503 non
1460 1455 1501 1505 ita
1518 1470 1576 1506 rem
1593 1456 1686 1519 ipsam

539 1540 622 1591 audio
644 1554 693 1606 pro
716 1554 751 1589 ea
772 1537 944 1605 loquentem,
971 1543 1002 1588 ut
1024 1537 1170 1603 Taplorus.
1205 1538 1242 1587 st
1263 1529 1433 1604 εὐπορήσειν
1454 1540 1578 1589 mirabar
1598 1541 1686 1590 inter·

538 1624 601 1675 dum
620 1640 637 1675 a
655 1624 763 1673 nemine
782 1622 872 1674 adhuc
892 1626 1027 1673 mutatum
1050 1638 1112 1674 esse
1135 1624 1165 1673 in
1186 1614 1354 1689 εὖτεορῆσαι.
1388 1623 1469 1675 Nunc
1486 1628 1516 1673 et
1533 1623 1585 1675 boc
1601 1623 1686 1675 video

538 1708 746 1769 bene‘habere,
770 1713 798 1759 et
816 1708 907 1759 tuturo
926 1712 1063 1760 oratorem
1081 1706 1182 1761 callide
1199 1722 1293 1771 nsum,
1315 1708 1394 1774 quasi
1412 1712 1501 1759 metus
1517 1707 1569 1759 ille
1586 1708 1687 1759 adver·
1713 1718 1720 1729 ·

539 1796 673 1847 sariorum
696 1794 725 1845 in
747 1808 880 1861 praesens
899 1792 1009 1859 quidem
1027 1808 1116 1844 vanus
1134 1798 1218 1846 esset.
1255 1792 1389 1844 Similiter
1410 1792 1470 1843 leni
1485 1792 1586 1856 verbo,
1611 1785 1685 1845 εἶτα·

538 1874 735 1946 κανομὲνοος,
758 1878 908 1943 redditid,
932 1878 1004 1945 quod
1026 1880 1102 1945 prins
1125 1894 1159 1929 ex
1182 1880 1286 1930 aliena·
1298 1893 1417 1943 persons
1434 1880 1548 1945 gravius
1565 1877 1685 1941 dixerat,

539 1956 670 2023 ἀτελείας
692 1956 912 2031 ἐπειλημμένοι]
940 1965 991 2015 Fr.
1010 1964 1042 2013 Α.
1060 1963 1215 2015 Woltius.
1252 1964 1323 2015 ‘Imo
1345 1961 1521 2014 vertendum:
1549 1964 1607 2029 Ape
1622 1980 1686 2015 sero

538 2052 614 2102 etiosa
640 2053 816 2111 emolumenta,
844 2066 909 2116 quoe
933 2050 961 2099 1ιί
985 2050 1071 2101 dicent
1091 2049 1270 2100 redualdum
1291 2051 1318 2099 ia
1339 2051 1439 2116 αῖίηιιοκ
1458 2051 1686 2115 οοοακῖοιιιικιρετ

537 2134 628 2203 legem
639 2135 766 2201 Leptinis
783 2136 893 2200 adeptos
910 2137 1042 2187 ostendam
1058 2150 1164 2185 cessare
1181 2150 1235 2185 non
1252 2134 1282 2185 in
1298 2134 1418 2199 ipsorum
1434 2134 1617 2193 commodum,
1633 2133 1685 2185 sed

537 2222 564 2271 ιἰι
580 2220 705 2287 publicam
721 2221 832 2271 etatem
850 2222 995 2277 utilitatem,
1016 2225 1048 2270 ut
1065 2218 1169 2269 nullam
1188 2210 1336 2286 ἆᾳστοῦνην
1352 2222 1413 2279 τοῖς
1429 2220 1546 2279 πολλοῖς
1562 2210 1580 2271 d
1597 2211 1685 2284 νδρος

539 2304 674 2357 allaturus
692 2306 731 2355 sit
749 2304 786 2371 (p.
801 2307 862 2367 tes,
883 2303 938 2371 td).
974 2304 1022 2355 Sic
1040 2306 1096 2355 iam
1114 2304 1240 2355 Nannius
1257 2303 1411 2367 intellexit,
1430 2320 1511 2371 quem
1530 2305 1619 2355 ceteri
1636 2319 1684 2354 an·

539 2390 598 2441 dire
624 2388 787 2441 debuerunt.
817 2382 1059 2457 ἀναπαυομένους
1084 2404 1139 2440 nou
1169 2394 1213 2440 est
1240 2382 1475 2455 ὑποκοριστικῶς,
1505 2388 1555 2441 sed
1580 2388 1684 2454 κυρίως

538 2474 649 2527 dietum.
690 2473 752 2525 vid.
776 2492 802 2540 p.
821 2478 884 2537 tes,
903 2477 945 2525 et.
985 2472 1042 2527 Nec
1066 2474 1167 2525 callide
1190 2478 1284 2526 orator
1305 2475 1398 2525 tuturo
1421 2464 1606 2541 εὐπορήσειν,
1635 2475 1683 2525 sed

538 2560 657 2625 ingenue
684 2574 803 2624 vereque
829 2574 895 2611 usus
921 2564 973 2613 est.
1014 2560 1075 2610 Hoc
1102 2575 1185 2610 unum
1213 2558 1296 2611 laudo
1319 2561 1349 2609 in
1372 2558 1464 2611 Wolfii
1487 2540 1683 2626 disputatione,

540 2644 612 2711 quod
634 2638 721 2711 μέσον
742 2644 884 2709 probavit,
908 2660 1074 2711 quamquam
1093 2644 1194 2695 vellem
1212 2639 1281 2697 δέον
1298 2644 1479 2696 confidentius
1496 2644 1682 2709 reprobasset,

539 2735 570 2781 ut
597 2728 668 2795 quod
696 2744 806 2781 sensum
834 2728 888 2780 loci
916 2744 1027 2795 prorsus
1055 2727 1222 2797 pervertat)
1250 2729 1467 2782 Schaeterus.
1509 2727 1683 2795 ‘Legendum

539 2805 686 2877 εὐπορεῖν,
705 2815 733 2863 in
752 2816 901 2879 praesenti.
931 2830 1049 2879 nemque
1068 2808 1099 2867 oi
1114 2805 1332 2883 ἀναπαυόμενοι
1350 2814 1388 2877 (h.
1403 2831 1427 2866 e.
1446 2814 1493 2881 qui
1510 2814 1684 2864 immunitate

540 2899 716 2961 fruebantur,
744 2915 799 2965 qua
820 2900 930 2965 privare
955 2914 1002 2951 eos
1025 2901 1158 2967 cupiebat
1174 2900 1334 2966 Leptines),
1361 2916 1416 2952 non
1438 2899 1600 2965 deinceps
1622 2902 1685 2950 tan-

492 3022 496 3029 .
540 2990 610 3047 tom,
634 2984 667 3034 iu
689 2988 873 3049 posterum,
897 2984 1042 3037 divitiores
1066 2986 1177 3036 inturi
1200 2990 1295 3049 eraut,
1319 2984 1367 3036 sed
1390 2985 1431 3036 ita
1454 2990 1534 3035 erant
1551 2988 1609 3035 tum
1626 3000 1685 3035 ma-

539 3066 631 3121 xime)
668 3068 837 3137 Seagerus
860 3070 889 3121 in
912 3070 990 3121 Diar.
1010 3069 1098 3121 Class.
1116 3070 1180 3122 LVI
1197 3087 1225 3137 p.
1243 3072 1302 3121 267.
1336 3070 1425 3121 Recte
1448 3069 1570 3120 futurum
1592 3074 1621 3120 et
1643 3063 1686 3129 εἰς

539 3150 609 3207 δέον
626 3157 745 3209 tenetur.
780 3169 844 3205 nam
866 3154 986 3206 saturum
1010 3155 1097 3207 solum
1116 3160 1211 3222 aptum
1229 3160 1272 3206 est
1288 3160 1396 3222 tempus
1413 3154 1448 3206 de
1466 3153 1650 3206 facultatibus
1670 3171 1686 3205 e

539 3240 687 3291 vacatione
710 3239 873 3307 prodituris,
897 3245 926 3292 et
949 3236 991 3301 εἰς
1009 3236 1078 3293 δέον
1094 3240 1224 3306 γίγνεται
1243 3245 1286 3291 est
1306 3241 1326 3294 i.
1344 3257 1370 3306 q.
1388 3242 1425 3291 ad
1440 3242 1610 3291 necessarias
1627 3256 1687 3291 con·

537 3327 618 3383 venit,
640 3328 673 3374 ut
696 3324 837 3391 expediat,
860 3328 897 3377 ad
915 3327 1028 3391 [ructuare
1048 3326 1190 3385 redundat,
1217 3324 1252 3375 ad
1274 3324 1424 3376 utilitatem
1447 3324 1606 3376 contribuit.
1641 3324 1686 3377 Cf.

539 3411 563 3473 ξ.
582 3412 623 3465 41.
659 3409 786 3477 Xenoph.
804 3412 893 3466 Anah.
913 3413 926 3463 1
950 3414 1046 3478 capt
1069 3412 1093 3473 ξ.
1112 3413 1146 3463 8:
1177 3403 1214 3470 ὥς
1236 3404 1493 3476 καταστησομένων
1513 3402 1622 3466 τούτων
1643 3404 1687 3471 εἰς

538 3486 572 3547 τὸ
595 3488 672 3547 δέον.
714 3495 843 3562 Oppositi
865 3498 929 3547 sunt
951 3488 1174 3561 ἀναπαυόμενοί
1191 3510 1267 3555 τινες
1288 3494 1403 3561 populo,
1430 3486 1507 3561 ὑμῖν.
1541 3495 1685 3562 intellige:

539 3584 660 3631 vestrum
679 3580 847 3631 commodum
867 3586 922 3645 est,
940 3581 964 3631 si
983 3580 1025 3631 illi
1044 3580 1185 3646 choragiis
1203 3586 1321 3643 νοτιτιις
1341 3596 1374 3631 eo
1390 3582 1480 3646 magis
1493 3581 1566 3631 enim
1578 3579 1687 3631 divitiis

540 3665 629 3727 aucti,
654 3664 689 3716 ad
707 3680 765 3715 rem
782 3664 911 3717 bellicam
930 3666 1113 3716 contribuerit.
1149 3664 1203 3716 Pro
1221 3656 1460 3731 ἀναπαυομένους
1477 3665 1534 3715 Per
1548 3664 1687 3716 Thiersch

539 3742 663 3813 destris,
683 3749 767 3817 gloss.
804 3748 1020 3801 ‘advertendum
1039 3754 1131 3801 autem
1149 3749 1310 3813 artificium,
1330 3766 1383 3815 quo
1394 3751 1597 3802 Demosthenes
1614 3749 1687 3817 legis

538 3836 695 3901 Leptineae
714 3835 838 3886 fautores
860 3834 902 3885 ita
925 3835 1101 3903 aggreditur,
1125 3840 1156 3886 nt
1177 3836 1234 3887 illis
1257 3835 1304 3886 vel
1326 3836 1446 3887 inrisam
1468 3835 1576 3887 reddat.
1617 3834 1687 3899 Quis

540 3920 613 3971 enim
625 3935 680 3971 non
692 3921 771 3971 malit
789 3924 934 3987 χορηγεῖν,
954 3936 1036 3986 quam
1054 3924 1237 3988 τριηραρχεῖν
1254 3918 1304 3973 καὶ
1323 3912 1498 3985 εῑςφέρεινῖ’
1522 3918 1686 3971 Schaeie·

539 4020 602 4057 rus.
654 4003 683 4067 3)
696 3996 831 4067 ἐπιδείξω
842 4006 930 4072 Augl.
941 4007 968 4061 k.
980 4024 1004 4060 r.
1017 4024 1045 4072 η.
1097 4004 1124 4071 t)
1137 3992 1224 4057 τοῦθ’
1237 4022 1281 4057 om
1292 4005 1361 4057 Mor.
1371 4032 1404 4042 -
1415 4005 1521 4057 habent
1532 4004 1567 4057 Σ.
1580 4002 1685 4055 LaurS.

538 4089 612 4156 vulg.
648 4089 763 4141 ‘Facile
790 4089 933 4143 absorberi
960 4092 1051 4159 potuit
1073 4106 1091 4140 a
1111 4106 1172 4141 voc.
1197 4091 1395 4156 praecedente,
1420 4095 1449 4141 et
1472 4089 1582 4141 abunde
1606 4089 1687 4140 adest

540 4173 725 4240 exemplorum
747 4176 915 4242 pronominis
933 4176 1014 4227 huius
1035 4177 1076 4226 sic
1099 4173 1221 4225 adiecti)
1245 4176 1295 4226 Fr.
1307 4176 1339 4226 A.
1353 4175 1512 4225 wolfius.
1549 4172 1592 4224 Cf.
1606 4175 1629 4237 §-
1641 4177 1684 4226 31.

539 4256 729 4325 t)‘1utellige
753 4250 850 4321 οὐδεὶς
873 4260 928 4313 τῶν
955 4260 1007 4314 τοῦ
1033 4264 1219 4326 τριηραρχεῖν
1241 4251 1310 4323 ἄξια
1332 4252 1527 4326 κεκτημένον,
1556 4274 1628 4311 nemo
1650 4276 1686 4310 ec
1775 4323 1776 4342 ,

538 4344 681 4396 ditioribus.
716 4345 776 4395 Hoc
799 4362 879 4407 vero,
904 4349 1007 4397 nemini
1029 4344 1230 4397 immunitatem
1254 4362 1271 4396 a
1291 4346 1458 4397 trierarchia
1476 4344 1604 4408 concedi,
1628 4350 1683 4395 tam
1775 4367 1776 4394 ι

539 4443 623 4493 saepe
641 4428 750 4479 videtur
772 4430 956 4495 inculcatum,
979 4438 1010 4482 ut
1027 4434 1150 4497 pateret,
1174 4432 1299 4496 quamvis
1320 4430 1400 4481 multi
1417 4430 1518 4481 divites
1536 4430 1650 4481 liberati
1667 4446 1684 4479 a

539 4512 652 4577 reliquis
679 4514 809 4565 oneribus
838 4520 930 4565 essent
958 4516 1052 4581 populi
1078 4514 1228 4581 beneficio,
1259 4532 1307 4567 eos
1333 4516 1403 4568 satis
1434 4530 1569 4582 superque
1597 4516 1683 4581 premi

539 4596 672 4648 sumtibus
695 4598 724 4649 in
748 4597 849 4651 bellum
868 4599 1030 4654 faciendis)
1060 4600 1111 4652 Fr.
1128 4600 1161 4651 A.
1180 4599 1302 4653 Wolflus.
1338 4600 1455 4653 ‘Verum
1472 4599 1540 4664 hoc,
1563 4600 1683 4651 sednon
