3950 5609
567 561 607 625 66
660 642 663 647 Ι
811 581 1029 623 nenosrnnms
1044 582 1096 625 oe.
1112 579 1272 623 inversus
1293 580 1461 621 ceerrnen.

528 760 553 799 eu
567 727 689 795 ποιείὸ
705 730 824 813 νόμος,
848 728 922 793 ιιαὶ7
944 725 1064 805 ὅσους8
1086 724 1290 811 ἀνθρώπους
1305 723 1429 808 ἀδικεῖ,
1450 724 1507 789 καὶ
1528 724 1568 791 ἐν
1582 722 1724 799 ὁποίοις

566 841 696 915 καιροῖς
717 833 899 915 χρησίμους
919 826 1000 915 ὑμῖν
1020 828 1253 912 παρασχόντας
1278 826 1428 903 ἑαυτούς.
1466 822 1629 912 εὑρήσετε
1651 823 1723 908 γάρ

565 932 722 1016 τούτους,
744 928 804 1009 οὕς
819 929 939 1017 ἥκιστα
955 936 1141 1016 προςηκεν,
1162 927 1356 997 ἀδικοῦντα.
1402 931 1499 1012 Λέγε.

1007 1103 1218 1165 ΨΗΦΙΣΜΑ.ί
1236 1132 1270 1141 -

527 1252 552 1293 ιτ
649 1228 703 1287 45.
731 1218 796 1299 Τάς
810 1220 873 1305 μὲν
889 1219 1098 1304 εὐεργεσίας,
1120 1217 1201 1285 ἀνθ’
1217 1210 1267 1285 οἷν
1282 1216 1419 1304 εὕρετοῖ
1440 1215 1502 1303 τὴν
1521 1214 1687 1283 ἀτέλειαν
1704 1213 1723 1282 ὁ

566 1417 688 1473 immines
711 1415 829 1478 frendet,
855 1432 957 1489 cosque
979 1418 1041 1489 qui.
1072 1412 1154 1489 quum
1175 1416 1288 1471 nimime
1309 1415 1491 1471 necessarium
1514 1422 1602 1475 esset.
1638 1413 1722 1469 vobis

566 1519 595 1557 se
616 1499 699 1558 utiles
719 1500 911 1574 praebuerunt.
957 1502 1100 1556 Invenietis
1121 1500 1191 1555 enim
1212 1518 1260 1555 rus
1281 1498 1364 1561 lucili.
1387 1517 1457 1573 qnos
1473 1500 1583 1555 mininie
1598 1507 1722 1571 oporte·

565 1587 620 1643 lut.
664 1586 765 1645 Recita.

649 1670 698 1727 45.
728 1670 872 1732 Beneficia.
904 1671 1004 1744 qnilrns
1024 1671 1169 1745 Epirenles
1195 1673 1389 1726 innnnnitutem
1413 1672 1525 1730 meruit,
1556 1668 1720 1725 edecretis

631 1888 657 1952 l)
676 1886 725 1939 nul
744 1905 785 1938 orn
799 1890 886 1953 Augl.
898 1888 922 1941 l.
994 1888 1021 1950 8)
1041 1887 1187 1937 'llemeril
1204 1886 1237 1937 de
1253 1886 1280 1936 h.
1294 1888 1328 1954 1„
1348 1888 1394 1951 qni
1412 1886 1492 1937 nobis
1511 1902 1624 1936 causam
1648 1902 1718 1951 ape·

562 1974 616 2024 riet
635 1972 740 2023 ardoris
759 1973 838 2023 huius
857 1976 912 2021 tem
931 1972 1022 2023 sribito
1040 1974 1208 2039 erumpentis
1231 1972 1259 2021 iu
1283 1972 1375 2022 verbis
1399 1961 1453 2022 ὅσα
1471 1973 1651 2038 ψηφίσματα

562 2050 645 2116 ὅσους
669 2049 842 2119 ἀνθρώπους
933 2049 963 2107 lv
985 2048 1097 2115 ὁποίοις
1121 2058 1241 2121 καιροῖς.
1282 2056 1350 2107 Num
1373 2058 1398 2105 si
1421 2058 1505 2105 totius
1529 2056 1584 2109 loci
1609 2072 1716 2106 nexum

562 2143 759 2193 sententiarum
788 2143 928 2203 excuties,
955 2157 1067 2205 vereor,
1099 2158 1133 2192 ne
1163 2142 1217 2191 ium
1245 2145 1337 2191 orator
1363 2141 1446 2206 poulo
1474 2140 1596 2205 ineptius
1623 2148 1716 2205 atque

561 2242 743 2293 praepropere
771 2226 810 2276 eic
834 2226 1015 2277 exardescere
1042 2227 1182 2287 vide'etur,
1211 2228 1257 2289 qui
1279 2226 1420 2290 hucusque
1443 2225 1561 2275 solorum
1584 2225 1715 2285 dirorum,

562 2314 698 2363 Leuconis
717 2318 745 2361 et
762 2312 920 2377 Epicerdis,
939 2314 1103 2361 mentionem
1123 2313 1230 2363 lecerit
1265 2312 1357 2360 llosne
1375 2312 1459 2375 igitur
1476 2310 1601 2359 homines
1620 2327 1714 2375 euque

560 2398 750 2463 psephismata
774 2396 877 2459 innuit,
901 2395 933 2445 de
958 2397 1057 2459 quibus
1081 2402 1145 2446 ente
1169 2411 1229 2445 enm
1249 2396 1376 2445 Phormio
1395 2398 1511 2461 egerat?
1537 2412 1573 2445 eu
1597 2396 1713 2444 omnino

561 2480 631 2531 ulios
649 2480 752 2542 innuit,
772 2496 839 2545 qnos
859 2481 1021 2545 cogitandos
1042 2481 1161 2531 auditori
1180 2480 1323 2545 relinquit,
1347 2480 1431 2540 teies,
1458 2481 1515 2544 qni,
1541 2482 1565 2529 si
1585 2480 1620 2531 ab
1640 2481 1713 2545 Epi·

560 2565 641 2616 eerde
666 2567 824 2615 immunitos
847 2565 1068 2627 abindieuretur‚
1092 2564 1187 2615 eodem
1211 2564 1312 2614 indicio
1336 2567 1431 2615 stetim
1450 2565 1503 2629 ipsi
1522 2580 1630 2631 quoque
1650 2566 1711 2615 suis

559 2650 689 2717 praemiis
713 2650 840 2699 excidere
863 2648 950 2699 videri
974 2654 1105 2715 possent?
1128 2666 1162 2699 en
1185 2649 1304 2715 denique
1327 2666 1408 2699 tinum
1431 2649 1650 2715 psepliismetum
1675 2650 1710 2698 de

559 2735 710 2801 Epicerde,
747 2749 819 2799 quae
847 2750 918 2783 niune
947 2752 963 2785 ιι
992 2737 1083 2785 scribe
1111 2735 1321 2801 praeleguntur,
1351 2735 1465 2785 eliorum
1494 2735 1626 2799 plurium,
1662 2734 1709 2799 qui

558 2835 614 2870 une
638 2835 697 2869 cum
722 2818 770 2869 illo
794 2818 921 2883 populum
945 2820 1157 2881 demeruisseut,
1182 2820 1346 2869 mentionem
1366 2820 1481 2869 lisbnit?
1515 2819 1597 2877 Mihi,
1623 2825 1654 2870 ut
1680 2822 1708 2868 in

559 2922 588 2955 re
606 2904 703 2965 dubie,
725 2898 885 2953 coniectura
903 2906 989 2969 primo
1010 2904 1071 2954 loco
1090 2904 1181 2969 posite
1199 2905 1353 2967 sntisieeit‚
1373 2905 1456 2953 etiem
1475 2909 1588 2969 propter
1605 2920 1631 2969 p.
1645 2907 1708 2964 tue,

560 2992 604 3053 12,
629 3004 800 3054 quumquum⁴
815 2988 933 3065 obscure
959 2989 1127 3055 significet-io
1151 3004 1198 3050 es,
1223 3004 1303 3053 quem
1326 2990 1417 3039 alteru
1440 2990 1495 3039 ieta
1520 2989 1592 3039 ratio
1609 2989 1706 3048 hebet,

559 3074 646 3125 locum
666 3073 738 3123 hund
758 3089 824 3123 serre
843 3074 997 3124 dedeceat'
1016 3074 1065 3123 Fr.
1079 3074 1110 3123 ll.
1125 3074 1278 3125 ll'olliue.
1314 3075 1421 3123 ‘Verbo
1438 3072 1487 3125 sat
1507 3074 1645 3137 θεωρεῖτε

558 3152 716 3210 ἀδικοῦντα
746 3164 809 3209 sunt
839 3158 992 3223 exemplum
1023 3159 1278 3221 interlocutionum,
1309 3160 1342 3209 de
1372 3159 1469 3223 quibus
1499 3158 1553 3208 rid.
1582 3164 1641 3209 not.
1670 3158 1705 3207 ad

557 3260 584 3309 p.
602 3246 668 3309 tut,
695 3246 725 3294 13
743 3264 777 3287 =
795 3244 814 3293 f.
834 3242 887 3308 leg.
913 3246 936 3305 §-
955 3247 1014 3294 213.
1055 3244 1096 3294 Ad
1121 3244 1293 3294 Plrormionis
1317 3250 1409 3293 eutem
1433 3239 1486 3309 τὴν
1508 3244 1706 3309 πρωτολογίαν

557 3330 659 3393 respici
687 3330 747 3393 qrtis
773 3328 898 3379 dubitet?
932 3334 963 3378 ut
989 3333 1082 3378 orator
1108 3345 1162 3379 non
1189 3329 1316 3379 ridentur
1341 3330 1434 3394 inepte
1461 3344 1703 3393 praepropereque

559 3413 752 3476 exardescere,
771 3415 795 3463 ei
814 3414 922 3480 quidem
941 3414 986 3463 hic
1006 3415 1087 3464 ardor
1103 3414 1235 3463 dicendus
1250 3413 1310 3466 est.'
1330 3413 1549 3464 Schecierus.
1587 3414 1704 3464 ‘Nescio

558 3514 606 3547 cur
628 3498 698 3548 haee
726 3501 839 3548 miretur
862 3500 905 3548 Fr.
925 3500 955 3547 Α.
976 3499 1100 3549 wolfius.
1147 3498 1249 3549 Plure
1277 3500 1337 3549 scil.
1362 3499 1508 3548 decretu
1533 3500 1704 3549 recitaturus

557 3587 618 3633 eret
635 3582 669 3633 de
688 3584 822 3649 Epicerde
841 3583 913 3645 eolo;
937 3584 1083 3648 plurime
1105 3600 1171 3649 ergo
1190 3586 1338 3635 exstabunt
1356 3585 1388 3634 de
1407 3586 1544 3634 universis
1563 3578 1701 3635 ἀτελέσιν.

557 3666 611 3718 Sed
631 3666 722 3717 malim
747 3664 843 3726 οίους
866 3660 1049 3732 ἀνθρώπους.
1079 3684 1207 3719 numerus
1224 3671 1294 3719 sutis
1314 3670 1453 3718 indicetur
1470 3684 1519 3733 per
1541 3656 1594 3718 ὅσα
1613 3666 1700 3735 οτηερ]

555 3752 741 3805 Dobraeus.
778 3742 861 3812 ὅσους
884 3754 965 3803 etium
990 3754 1023 3803 de
1048 3756 1144 3819 paneis
1166 3754 1302 3805 rhetorice
1321 3754 1426 3803 dictum
1444 3770 1505 3803 esse
1524 3757 1619 3818 puteri
1637 3771 1700 3820 pos·

556 3838 605 3899 sit3
629 3837 662 3888 de
685 3837 806 3901 duobus,
829 3842 858 3886 nt
881 3838 1005 3901 videtur,
1029 3838 1132 3887 decret.
1158 3838 1218 3889 Cor.
1237 3842 1259 3899 β.
1278 3841 1319 3889 91.
1355 3838 1409 3888 Sed
1432 3838 1459 3890 li.
1477 3838 1497 3887 l.
1520 3839 1701 3904 intelligimus

556 3924 726 3986 Meconem,
755 3922 918 3989 Epieerdcm
945 3922 1079 3987 huiusque
1103 3923 1184 3975 tilios.
1226 3924 1370 3972 ‘Fortasse
1399 3915 1414 3972 ὁ
1437 3916 1525 3987 νόμος
1549 3924 1583 3973 αὶ)
1609 3925 1700 3975 aliena

555 4008 708 4073 profectum
729 4014 771 4057 est
789 4022 870 4057 menn
890 4013 917 4057 ct
936 4009 1068 4074 Leptines
1087 4022 1147 4057 cum
1167 4006 1229 4073 lege
1249 4022 1298 4057 suu
1316 4007 1505 4073 supplendus!
1534 4010 1699 4060 Benselc·

556 4108 612 4141 rus
630 4092 707 4141 Hint.
728 4109 752 4158 p.
774 4094 829 4144 inu.

622 4190 671 4249 ti.
708 4193 731 4255 l)
751 4192 924 4259 ψηφίσματα
943 4192 1050 4245 Aldete.
1069 4201 1088 4247 t.
1112 4223 1143 4230 -
1166 4202 1305 4260 ψηφισμα
1323 4195 1356 4246 Σ,
1375 4196 1449 4262 vulg.
1468 4251 1473 4262 Ι
1491 4196 1592 4247 ‘Recte
1616 4212 1697 4263 supra

556 4278 603 4329 lin.
624 4281 668 4328 16:
687 4273 718 4329 τὸ
736 4278 835 4330 τοίνυν
852 4271 989 4346 ψήφισμα
1006 4270 1076 4344 ὑμῖν
1093 4270 1162 4331 αὐτὸ
1182 4272 1387 4347 ἀναγνώσεται.
1419 4297 1479 4330 mox
1498 4284 1592 4331 tumen
1611 4300 1652 4333 rs.
1665 4282 1696 4331 26

555 4354 697 4429 ἀκηκόατε
721 4358 752 4415 lu
775 4362 830 4415 τῶν
853 4360 1072 4433 ψηφισμάτων]
1103 4365 1284 4431 Teylorns.
1327 4365 1456 4415 ‘Correxi
1479 4358 1626 4433 ψήφισμα.
1656 4373 1695 4416 est

555 4450 628 4499 enim
650 4464 731 4499 unnim
755 4450 941 4502 tantummodo
963 4450 1103 4501 decretum
1125 4450 1158 4501 de
1183 4451 1274 4503 dende
1297 4451 1429 4516 Epicerdi
1446 4452 1630 4506 immunitate.
1663 4451 1694 4500 σο

555 4532 643 4585 altero
666 4534 815 4599 beneficio,
840 4552 891 4603 quo
915 4535 1067 4603 Epicerdes
1090 4536 1218 4602 pupulum
1239 4538 1392 4604 promeruit
1415 4536 1559 4603 largiendo
1582 4536 1693 4593 talentu,

554 4618 593 4669 nil
612 4620 751 4671 decretum
772 4621 837 4687 tuit,
856 4620 946 4671 nullus
966 4620 991 4669 ei
1011 4620 1083 4671 cline
1101 4620 1186 4673 honos
1205 4621 1316 4673 liubitns
1336 4627 1379 4673 est
1397 4628 1590 4689 praeterquam
1604 4623 1692 4675 immu-
