3950 5609
572 596 615 659 52
816 614 1037 659 nnnoernems
1053 616 1105 658 on.
1121 615 1284 658 Aurenses
1299 614 1467 657 nemmem.

573 764 680 849 μόνον
710 742 778 828 Ιὁίοὶ
813 761 875 829 τὸ*
909 760 971 828 τὸν
990 742 1112 830 οτόνον
1145 766 1269 827 τοῦτον
1301 772 1397 827 σῖτον
1432 766 1523 846 ἔχειν
1557 768 1737 828 πλεῖστον

573 870 674 931 τοῦτο
702 868 869 949 γίγνεται,
900 862 1006 931 ἀλλὰ-λ
1034 862 1091 930 διὰ
1119 862 1158 929 ro
1187 864 1308 943 κύριον
1336 862 1441 929 ι’)’ντο6
1468 862 1531 930 τὸν
1558 864 1736 931 Λεύκων’

573 964 680 1033 αὐτοῦ
705 978 775 1045 τοῖς
802 966 966 1051 ι’ίνουσινἵ
985 964 1144 1051 Ἀθήναζε
1169 963 1322 1031 ἀτέλειαν
1348 967 1549 1050 δεδωκέναι,
1578 968 1647 1033 καὶ
1674 992 1736 1051 κη-

574 1068 708 1155 ρύττειν
728 1067 883 1154 πρώτους
902 1070 1115 1155 yepcteoeact
1133 1065 1214 1144 τούς
1233 1064 1279 1144 ὠς
1297 1064 1404 1151 ὑμᾶς)
1424 1069 1616 1147 πλέοντος.4
1644 1072 1738 1153 ἔχων

572 1170 637 1255 γάρ
668 1172 796 1257 ἐκεῖνος
806 1174 830 1213 ¹⁰
860 1170 967 1256 ἑαυτῷ
997 1170 1054 1235 καὶ
1081 1180 1152 1247 τοῖς
1179 1170 1276 1235 παισὶ
1303 1166 1367 1253 τήν
1395 1167 1584 1237 (ἐτέλειον11
1622 1170 1735 1235 ἅπασι

512 1276 722 1339 roncinum
750 1270 878 1357 cipiv.¹²
936 1276 1008 1357 (32)
1042 1276 1149 1337 Τοῦτο
1178 1270 1212 1335 δ’
1240 1270 1361 1355 ἡλίκον
1390 1272 1479 1350 ἐστί,
1509 1272 1737 1355 θεωρήσατε.

574 1506 672 1561 mirum
688 1512 739 1560 est.
769 1502 799 1559 tit
814 1504 885 1559 enim
902 1519 956 1558 nou
973 1502 1034 1559 icleo
1050 1501 1155 1563 solum.
1174 1502 1236 1575 quio
1253 1500 1381 1556 frumeuti
1398 1498 1583 1559 feracissimus
1603 1512 1672 1561 est.
1690 1504 1736 1557 sol

575 1590 648 1663 quod
663 1590 722 1645 eius
738 1588 863 1645 dominus
877 1588 986 1643 Leucon
1002 1604 1064 1649 eos,
1081 1588 1127 1660 qui
1142 1587 1262 1642 Athenas
1277 1586 1426 1647 advehunt,
1447 1589 1628 1645 immunitate
1646 1589 1735 1644 donn·

575 1677 626 1735 vit.
646 1674 769 1749 ediciquc
791 1674 886 1735 iussit,
908 1681 938 1728 ut
959 1674 1054 1747 primis
1070 1673 1116 1745 qui
1137 1671 1170 1727 od
1191 1689 1239 1727 vos
1254 1672 1412 1744 navigarent
1427 1689 1542 1729 onerare
1559 1691 1653 1731 neves
1670 1690 1736 1729 cou-

574 1761 725 1816 cederetur.
762 1776 821 1815 nam
843 1761 1053 1819 immunitatem.
1077 1774 1129 1831 qua
1151 1760 1210 1829 ipse
1230 1774 1291 1812 enm
1312 1756 1406 1812 tiberis
1424 1760 1483 1813 suis
1497 1758 1621 1828 irruitur,
1653 1760 1734 1814 votus

575 1844 700 1901 oruullrus
722 1845 861 1918 impertiit.
906 1842 968 1916 (32)
990 1844 1043 1899 lum
1061 1850 1193 1917 quantum
1209 1842 1261 1898 Ιιοο
1275 1843 1325 1904 eit,
1347 1843 1528 1901 considerate.
1565 1844 1618 1900 ille
1636 1844 1676 1898 alr
1694 1844 1734 1901 iis.

574 2114 641 2179 quie
663 2108 798 2173 ιέςπλέων
820 2112 994 2179 participium
1018 2110 1184 2176 superfluum
1208 2115 1236 2159 et
1258 2126 1276 2160 n
1297 2110 1472 2162 substantivo
1495 2118 1666 2177 separatum
1687 2114 1733 2173 sit,

574 2198 671 2249 deesse
689 2214 797 2264 qnoque
815 2198 981 2263 opinabatur
1000 2195 1035 2245 orl
1051 2195 1139 2246 verbu
1156 2188 1172 2246 ὄ
1191 2187 1222 2245 ln
1240 2192 1292 2245 τοῦ
1309 2194 1346 2248 Π.
1365 2197 1442 2255 σῖτος
1455 2197 1676 2271 praedicatum,
1697 2198 1732 2247 nd

575 2284 645 2348 quod
664 2284 800 2335 reseretur
818 2283 955 2349 posteriue
973 2279 1067 2334 τοῦτο,
1103 2282 1146 2331 De
1164 2280 1216 2329 illa
1230 2294 1297 2330 vcro
1314 2280 1499 2331 collocatione
1511 2285 1663 2351 participii
1676 2282 1732 2333 vid.

574 2368 610 2417 ed
628 2368 742 2434 Olynth.
761 2368 803 2418 111
820 2368 844 2428 §-
858 2370 890 2417 33
909 2372 967 2419 not.
987 2369 1029 2417 13.
1064 2365 1235 2431 Superfluum
1253 2370 1346 2415 nutem
1363 2380 1418 2415 non
1437 2372 1479 2417 eet
1497 2364 1656 2433 εἶςιιλέων,
1679 2366 1728 2417 ned

576 2453 696 2519 complet
714 2444 746 2503 έιι
764 2450 816 2503 τοῦ
834 2450 871 2504 Π.
906 2452 965 2502 Nec
984 2451 1064 2502 deest
1081 2448 1280 2515 praedicatum.
1310 2466 1374 2500 unm
1396 2449 1517 2503 τοῦτοί.
1537 2468 1564 2517 q.
1583 2452 1730 2505 τοσοῦτοι

574 2540 654 2589 σῖτον
672 2530 704 2589 ἐκ
721 2535 773 2588 τοῦ
790 2528 905 2587 Πόντον
923 2532 1050 2595 εἰσπλεῖν
1070 2527 1150 2601 ἡμῖν.
1189 2534 1234 2587 ef.
1252 2536 1454 2587 Weetermonn.
1474 2537 1680 2589 commentatt
1700 2538 1726 2585 in

575 2624 730 2688 Scriptores
749 2622 796 2674 Gr.
819 2621 851 2672 P.
871 2620 909 2671 Vl
931 2636 958 2687 p.
980 2623 1012 2670 14
1029 2635 1070 2685 ιο.
1143 2620 1171 2685 4)
1195 2612 1227 2669 τὸ
1251 2636 1294 2669 om
1313 2620 1413 2671 vinde.
1430 2638 1463 2688 pr
1478 2623 1535 2673 Mel
1554 2624 1625 2686 (edd
1647 2622 1726 2686 Chr).

574 2706 601 2773 5)
621 2699 693 2759 ἀλλὰ
711 2702 761 2758 κοιλ
777 2706 853 2771 vulg.
872 2732 904 2741 -
926 2702 975 2757 καὶ
996 2720 1039 2754 orn
1057 2705 1091 2756 Σ.
1115 2702 1182 2768 (odd
1200 2706 1278 2771 entiq
1296 2706 1479 2771 compendio).
1502 2708 1608 2757 Lnan.
1628 2705 1674 2761 Ω.
1696 2704 1724 2755 Y.

574 2810 597 2843 r.
615 2809 636 2842 ι.
661 2792 749 2843 Vindl
775 2790 838 2857 (qui
861 2790 948 2841 codex
973 2790 1066 2840 omieit
1089 2790 1173 2839 etiem
1195 2782 1272 2853 διὰ).
1296 2788 1369 2855 pell,
1402 2793 1431 2841 in
1454 2808 1507 2857 quo
1530 2792 1586 2843 odd
1611 2796 1629 2845 2
1654 2806 1723 2843 corr.

575 2877 693 2942 prlllel,
716 2876 745 2927 in
769 2892 822 2941 qno
846 2874 901 2925 odd
920 2875 985 2927 Chr.
1025 2874 1153 2925 ‘Delevit
1175 2874 1303 2925 Dindorf.
1322 2881 1412 2937 recte,
1438 2882 1469 2927 ut
1490 2884 1567 2945 puto.
1597 2878 1725 2943 nequitur

576 2962 647 3011 enim
667 2976 753 3012 oense
774 2960 893 3026 gravior.
929 2960 1009 3023 Quod
1026 2960 1076 3009 nbi
1093 2958 1137 3025 tit,
1162 2958 1218 3009 diei
1239 2960 1311 3010 solet
1333 2953 1368 3012 οὗ
1384 2954 1482 3026 μόνον,
1506 2954 1594 3027 ἄλλά,
1618 2962 1722 3013 ominso

574 3047 637 3107 καί,
661 3046 733 3113 quod
756 3062 825 3097 cere
848 3044 1069 3095 subaudiendum
1092 3060 1153 3094 enee
1176 3050 1265 3109 putee.
1306 3045 1350 3096 Ob
1370 3047 1487 3099 similem
1509 3050 1651 3099 rationem
1670 3061 1722 3097 nou

576 3132 749 3183 inserendum
766 3126 815 3181 κοιλ
835 3146 860 3195 p.
880 3129 945 3191 467,
965 3126 1016 3180 17.’
1045 3129 1261 3181 Schnelerue.
1298 3130 1361 3185 vid.
1379 3130 1471 3183 Bromi
1488 3134 1606 3188 Excute.
1626 3134 1668 3184 1x
1686 3130 1719 3181 ad

574 3218 690 3270 Isocrut.
712 3215 868 3267 Doberenz.
881 3214 1016 3266 Observr.
1029 3214 1108 3268 Dem.
1121 3231 1147 3279 p.
1160 3218 1186 3267 3.
1255 3214 1281 3279 6)
1299 3203 1405 3268 ovone
1419 3215 1578 3283 (repetitum
1596 3235 1634 3271 ov
1652 3232 1720 3284 pnn-

576 3303 627 3353 etie
646 3300 760 3351 seclusit
778 3298 851 3365 corr)
869 3296 904 3352 Σ.
973 3300 999 3364 7)
1018 3301 1051 3351 Δ.
1071 3291 1160 3352 αὐτοῦ
1179 3288 1279 3363 (αὑτοῦ
1291 3301 1353 3367 Pel)
1372 3305 1432 3362 τοῖς
1449 3293 1553 3369 ἄγονοι
1569 3296 1624 3353 τὸν
1641 3307 1719 3354 σῖτον

574 3387 649 3453 vulg.
671 3415 700 3421 —
720 3376 808 3437 oritoni
827 3400 869 3433 om
886 3380 925 3436 Ω.
942 3384 972 3438 Τ.
993 3402 1016 3434 r.
1027 3401 1050 3433 r.
1069 3384 1167 3435 Viudl.
1185 3388 1211 3435 4.
1231 3386 1329 3436 Lindi.
1349 3384 1386 3437 Π.
1405 3404 1438 3452 pr
1452 3388 1510 3438 Mel
1531 3386 1570 3451 (in
1589 3404 1646 3453 qno
1666 3384 1718 3437 odd

574 3557 622 3606 bet
644 3555 677 3607 Σ.
719 3555 765 3605 ‘In
788 3554 816 3606 Σ
836 3544 925 3605 αὐτοῦ
949 3559 1010 3613 τοῖς
1031 3554 1060 3603 in
1083 3570 1180 3606 rasura
1203 3556 1335 3621 scriptum
1362 3562 1405 3607 eet
1427 3558 1544 3609 nlinmm
1567 3558 1716 3609 literarum.

575 3656 686 3706 quorum
710 3640 835 3691 secunda
859 3654 874 3688 ο
896 3638 958 3689 suit.
989 3641 1107 3691 fortasse
1131 3641 1217 3704 igitur
1238 3644 1300 3699 τοῖς
1317 3644 1397 3693 οἶτον
1418 3643 1465 3694 vel
1486 3648 1547 3703 τοῖς
1569 3638 1622 3696 τὸν
1639 3647 1718 3695 σῖτον

574 3728 706 3791 scriptum
725 3724 787 3777 suit.
822 3724 890 3775 Tum
908 3724 987 3775 verbi
1005 3742 1113 3791 quoqne
1131 3718 1233 3792 ἄγονοι
1251 3726 1333 3777 litero
1351 3727 1474 3777 nectenda
1492 3729 1521 3777 in
1538 3745 1639 3779 renum
1651 3727 1716 3777 ecri-

575 3817 623 3877 pte
642 3808 702 3864 eet!
726 3809 937 3861 Dindorsiue.
955 3838 989 3847 —
1008 3801 1128 3877 ἄγουσιν
1146 3812 1205 3861 eine
1223 3804 1275 3861 τὸν
1293 3816 1372 3863 σῖτον
1384 3812 1419 3863 Σ.
1432 3813 1535 3867 Lnan.
1547 3814 1578 3864 F.
1592 3816 1682 3880 Angt.
1693 3812 1716 3861 A.

575 3924 607 3932 —-
630 3912 679 3963 pro
702 3885 804 3964 ἄγονοι
827 3888 878 3946 τὸν
900 3899 980 3946 σῖτον
1002 3896 1106 3947 hebent
1128 3886 1249 3963 ἄγουσιν
1271 3882 1361 3948 aritio
1383 3901 1463 3949 σῖτον
1484 3896 1524 3952 Ω.
1547 3899 1578 3951 Τ.
1595 3916 1617 3950 s.
1636 3896 1714 3949 Lind.

576 3982 673 4032 vum.
691 3982 716 4033 ι.
735 3980 801 4031 un.
819 3980 906 4032 nun.
929 4008 959 4015 -
985 3969 1030 4047 ἄ).
1050 3971 1126 4048 αὐτῷ
1145 3983 1225 4033 σιω,
1242 3982 1399 4047 Anonymi
1416 3984 1468 4033 nu.
1490 4011 1524 4021 -
1552 3984 1621 4060 nost
1636 3975 1713 4047 ἰοή-

576 4066 642 4128 ναζε
659 4066 712 4116 Aul
731 4070 759 4116 ct
777 4066 836 4115 Mor
854 4068 1098 4132 interpunxerunt‚
1116 4067 1183 4131 quie
1201 4082 1255 4117 vox
1271 4066 1411 4133 paululum
1430 4069 1553 4134 quiescit.
1625 4071 1653 4131 8)
1670 4082 1711 4118 κο·

574 4150 710 4217 μίξεσθαι
728 4150 780 4201 cod
798 4166 820 4202 e.
890 4149 916 4215 9)
935 4141 1012 4216 ὑμᾶς
1030 4150 1063 4201 Σ.
1081 4151 1157 4217 vulg.
1179 4178 1214 4187 -
1240 4144 1317 4219 ἡμᾶς
1333 4152 1395 4202 Ald.
1414 4154 1484 4203 Mor.
1502 4154 1608 4205 Lean.
1628 4156 1664 4215 (λ.
1680 4150 1711 4212 ι.)

577 4237 618 4301 10)
639 4228 777 4301 (ἐκείνοις
797 4236 828 4287 Τ.
846 4238 891 4299 οἳ)
914 4238 1029 4287 Erraeee
1047 4236 1160 4286 videtur
1176 4237 1330 4289 Bekkerus.
1365 4237 1420 4288 Sed
1441 4240 1498 4288 vid.
1516 4241 1540 4300 ξ.
1559 4242 1592 4291 3·2
1615 4244 1671 4289 uot.
1689 4238 1710 4286 1.

577 4321 618 4383 11)
638 4322 707 4371 Post
728 4314 780 4387 τὴν
798 4312 930 4373 ἀτέλειαν
947 4321 1077 4371 Reiolriun
1101 4320 1270 4372 desideravit
1292 4318 1346 4387 τὴν
1363 4314 1432 4386 παρ’
1450 4315 1532 4391 ὑμῖν,
1555 4321 1606 4375 καὶ
1627 4313 1710 4376 eicie

575 4398 629 4472 τὴν
647 4394 717 4469 παρ’
737 4397 829 4470 iuueni
846 4398 986 4461 αἰέλειαν,
1022 4408 1059 4456 At
1077 4404 1253 4457 ‘Antitheton
1271 4408 1359 4457 tribue
1373 4409 1465 4458 verbis
1476 4414 1570 4459 orator
1581 4408 1709 4465 declarat,

577 4506 657 4555 quem
680 4491 748 4541 bene
771 4496 800 4541 et
824 4495 988 4555 quaestuose
1007 4506 1079 4556 resp.
1097 4491 1306 4543 Atheniensium
1329 4510 1391 4543 eum
1411 4495 1538 4545 Leucono
1562 4494 1708 4543 immunito·

575 4580 631 4625 tem
650 4577 856 4641 permutaverit.
894 4576 964 4625 lliuc
976 4592 1047 4626 unus
1060 4592 1107 4627 rex
1120 4591 1180 4626 curn
1192 4577 1270 4639 filiis,
1288 4576 1365 4627 illinc
1378 4579 1560 4629 Athenienses
1573 4571 1707 4630 universi?

576 4660 625 4711 Fr.
644 4660 675 4713 A.
694 4660 784 4710 Wolf
789 4662 847 4710 iue.
920 4660 961 4722 1‘2)
980 4654 1051 4727 ἡμῖν
1069 4662 1164 4728 Appsr.
1183 4662 1270 4712 Aldv.
1306 4664 1388 4713 llern·
1406 4678 1511 4719 manne.
