3950 5609
560 590 783 636 nunosnnnurs
798 591 849 635 oa.
865 591 1030 636 unvunsns
1045 595 1210 638 unnnrunu.
1395 573 1456 642 153

308 754 379 829 (ιεῖς
408 745 466 809 καλ
491 739 686 826 Μεσσήνιοί
710 763 800 816 τινες
829 735 916 805 εἶναι
942 740 1169 826 φάοιιουτες,2
1197 743 1302 808 ἔπειτ’
1328 740 1456 822 ἀτελεῖς

307 848 414 929 εἰσίν,
430 844 574 931 ἀθρόοι3
588 843 819 928 παμπληθεῖς*
835 839 1031 927 ἀνθρωττοι,
1048 847 1108 908 καί
1119 867 1208 922 τινες
1223 841 1321 912 ἀλλοι
1336 848 1455 914 δοῦλοι
1468 865 1494 906 ²⁶

307 949 365 1016 κοιλ
380 947 591 1036 μαστιγίου,5
605 944 777 1022 Λυκίδας6
791 945 848 1009 καὶ
862 945 1078 1024 Διονύσιος.7
1094 947 1150 1012 καὶ
1172 947 1347 1027 τοιούτους
1361 946 1455 1028 τινάς

307 1144 455 1220 quosdam.
478 1146 525 1218 qui
541 1161 571 1200 se
588 1141 655 1199 tales
670 1157 732 1198 esse
747 1157 801 1197 non
817 1149 933 1216 negent,
957 1150 1046 1198 tomen
1062 1143 1232 1200 immunitate
1248 1143 1315 1208 frui.
1338 1161 1454 1218 quorum

306 1232 423 1286 maxime
439 1231 475 1286 sit
490 1228 651 1292 multitudo,
667 1234 695 1283 et
710 1226 779 1284 alios
795 1227 925 1301 quosdam
942 1243 1036 1284 servos
1052 1235 1080 1284 et
1095 1226 1268 1292 verberones,
1284 1237 1314 1285 ut
1329 1229 1455 1308 Lycidan

307 1429 391 1480 quam
413 1413 442 1462 iu
465 1413 585 1463 transitu
603 1400 813 1476 (ἐπισύροντες)
833 1407 1013 1476 attigissent)
1044 1409 1092 1462 Sic
1111 1411 1159 1462 ille
1178 1415 1327 1478 praeeunte
1347 1412 1455 1479 aliqna-

305 1502 388 1549 tenus
400 1497 529 1549 Reislrio.
596 1495 623 1561 2)
642 1493 823 1547 Marklandus
839 1494 881 1546 sio
899 1494 1032 1561 distingui
1045 1495 1134 1548 iubet:
1153 1487 1191 1555 ἀς
1202 1498 1278 1562 Μεγ.
1290 1493 1341 1548 καὶ
1353 1499 1455 1564 Mene,

305 1577 384 1644 eoois
402 1582 472 1646 (ete.
491 1584 534 1650 qui
549 1597 578 1632 se
596 1583 683 1631 dicant
700 1595 756 1631 esse
774 1580 859 1646 aliquo
876 1581 902 1629 in
920 1581 1039 1642 numero)
1067 1574 1167 1633 ἔπειτα
1185 1573 1229 1637 tit.
1249 1577 1323 1634 ελσλυ
1340 1571 1455 1648 ἀθρόοι,

305 1669 417 1734 sapui.
436 1658 522 1731 ἀνθρ.
564 1667 644 1718 ‘Post
666 1656 773 1729 ἀθρόοι
797 1665 882 1715 etism
904 1664 1050 1718 Beklrerus
1072 1666 1332 1720 subdistinctionem
1355 1667 1456 1734 posuit.

305 1753 377 1803 Mihi
399 1769 466 1817 vox,
493 1757 525 1803 ut
546 1751 630 1818 vulgo
653 1751 698 1814 fit,
725 1749 834 1800 videtur
856 1749 996 1816 iungenda
1013 1753 1155 1816 proximae
1178 1753 1375 1820 παμπληθεῖς.
1413 1751 1456 1806 Cf.

305 1857 332 1905 p.
352 1840 413 1902 ool,
433 1837 475 1890 28.
498 1854 525 1904 p.
544 1838 603 1900 sse,
621 1837 646 1890 8.
670 1853 696 1902 p.
716 1836 775 1898 559,
794 1837 810 1885 6
828 1849 869 1900 sq.
909 1834 983 1888 Plat.
1002 1835 1085 1903 Gorg.
1103 1854 1129 1904 p.
1150 1839 1198 1889 ios
1221 1837 1322 1892 Heind.
1345 1835 1456 1901 (Stallb.

307 1922 342 1973 ad
361 1926 453 1989 p.490
465 1922 508 1985 B).
542 1920 654 1974 Vidad
668 1910 781 1983 186,'16.
812 1934 894 1986 quam
911 1923 1006 1971 uotum
1024 1922 1070 1973 nbi
1089 1921 1192 1989 legerit
1209 1923 1382 1983 Lobeckius,
1401 1923 1456 1974 for·

305 2014 382 2059 tasse
401 2007 537 2058 fatebitur
553 2006 605 2057 boc
622 2004 867 2057 Demosthenicum
885 2006 960 2056 inter
977 2022 1081 2072 genera
1101 2007 1298 2073 parallelorum
1316 2007 1457 2060 incautius

307 2092 427 2144 relatum
451 2108 512 2144 esse
535 2093 649 2157 Parerg.
668 2091 771 2156 Pbryn.
794 2106 820 2157 p,
840 2087 909 2141 764!
936 2090 1155 2145 Schaeferus.
1195 2093 1248 2144 lllo
1271 2094 1350 2146 modo
1371 2095 1456 2146 inter·

307 2177 484 2246 pungendum
508 2192 569 2229 esse
592 2181 690 2227 censet
706 2174 902 2240 Marklandus,
928 2177 993 2243 qnia
1010 2169 1086 2237 τινὲς
1104 2183 1132 2230 et
1150 2171 1270 2239 δούλους
1288 2174 1338 2230 κοιλ
1355 2193 1455 2245 μαστι-

307 2263 375 2330 γίας
398 2264 540 2330 oppositos
568 2277 629 2313 esse
657 2265 760 2312 censet.
804 2259 854 2310 ‘ut
876 2259 962 2312 telem
984 2263 1185 2328 oppositionem
1209 2280 1261 2330 ego
1282 2263 1329 2315 hie
1353 2261 1456 2313 nullam

306 2349 398 2400 video.
411 2376 446 2386 —
463 2349 533 2398 Tum
551 2347 651 2398 misere
669 2345 719 2396 illa
737 2345 845 2396 ratione
864 2346 1030 2412 discerpitur
1047 2347 1113 2399 ordo
1129 2347 1283 2400 verborum.
1320 2351 1352 2399 lu
1368 2365 1456 2416 prom-

307 2441 359 2503 ptu
377 2439 422 2486 est
439 2433 546 2495 videre,
566 2432 721 2482 subiectum
740 2431 875 2481 orationis
894 2446 955 2482 esse
972 2425 1049 2490 τινές
1067 2436 1097 2482 et
1113 2432 1167 2484 hue
1185 2435 1284 2486 referri
1297 2429 1457 2502 φάσκοντες

218 2538 224 2547 ·
307 2513 388 2579 εἶναι
406 2523 464 2570 etc.
483 2518 569 2568 etita
587 2516 729 2583 periodum
753 2516 846 2582 accipi
868 2515 983 2567 deberes
1014 2518 1120 2582 Dicent,
1145 2517 1256 2570 homines
1278 2521 1400 2587 quosdam
1416 2536 1457 2570 re-

232 2639 238 2648 .
306 2606 406 2671 periri,
429 2605 473 2671 qni
489 2604 600 2671 quesnois
617 2618 648 2653 ne
665 2604 718 2668 ipsi
734 2603 833 2668 quidem
850 2603 1005 2652 dbeimaleut
1022 2609 1066 2652 ortt
1084 2605 1221 2663 occultent,
1246 2605 1414 2671 Mepnrenres
1432 2612 1458 2656 et

309 2691 391 2743 Mese.
409 2705 438 2740 se
461 2705 516 2739 esee
539 2687 579 2752 (λ.
598 2705 621 2738 ε.
642 2703 691 2738 non
710 2687 812 2737 Atticos
829 2687 912 2750 cives)
935 2688 1092 2739 nibilominus
1114 2690 1266 2740 ιἰιυιιυιιίλαλε
1282 2690 1405 2754 fruuntur
1423 2692 1459 2741 nd

308 2794 382 2828 unum
404 2789 498 2829 omnes.
528 2766 639 2832 ἔπειτα,
668 2776 701 2822 ut
722 2771 795 2822 alias
817 2763 895 2831 εἶτα,
926 2777 970 2822 est
992 2787 1041 2839 pro
1064 2760 1152 2840 ὅμως,
1184 2774 1257 2839 quod
1280 2775 1404 2840 inprirnis
1427 2775 1457 2824 ilt

309 2865 374 2929 post
391 2859 560 2910 sententiam
579 2856 783 2920 concessivam,
807 2871 878 2922 quse
900 2856 987 2908 habet
1011 2859 1198 2924 participium.
1233 2859 1295 2912 Vid.
1314 2860 1401 2910 Koen.
1421 2859 1457 2910 ad

309 2947 427 3011 Gregor.
446 2943 478 2997 C.
498 2960 524 3010 p.
542 2945 583 2994 62.
618 2943 743 3007 Hoogev.
762 2943 850 2993 Partt.
872 2959 898 3008 p.
917 2940 986 2995 3843
1017 2943 1341 3022 nr.·A.w01frus.-
1372 2943 1457 2996 ‘Sub-

310 3031 378 3082 sudi
396 3019 490 3082 αύτσί.
526 3026 724 3093 exspectabam
742 3030 846 3077 tamen:
869 3021 1031 3094 Μεσσήνιοι
1049 3044 1126 3088 τινες
1144 3016 1236 3089 ὄντες,
1255 3029 1371 3081 πολῖται
1389 3021 1458 3095 ὑμέ-

310 3133 389 3180 τεροι
408 3107 486 3166 εἶναι
504 3109 572 3180 [hoe
588 3109 682 3177 hiatu]
702 3103 881 3177 φάσιιοντες.’
910 3112 1082 3166 Reislrius.
1124 3113 1225 3164 Omnia
1243 3112 1314 3165 baso
1332 3113 1458 3181 pericula

310 3201 438 3254 feliciter
460 3197 534 3248 tollit
556 3196 619 3249 Gar.
638 3195 806 3247 Schaeferus
824 3196 842 3247 l.
861 3213 886 3251 o.
908 3215 934 3264 p.
955 3200 987 3249 10
1005 3213 1064 3265 sqq.
1087 3213 1195 3265 negans
1213 3203 1278 3249 autc
1296 3197 1386 3264 legem
1404 3199 1458 3250 Le·

309 3288 436 3354 ptineam
453 3282 630 3334 interdictum
649 3281 787 3332 fuissene
806 3283 867 3346 quis
883 3284 1046 3349 peregrinus
1064 3283 1098 3334 ed
1116 3283 1314 3334 immunitatem
1329 3283 1457 3336 admitte·

310 3376 400 3437 retur,
420 3374 449 3422 et
466 3369 539 3421 bauo
558 3382 618 3419 esse
637 3367 803 3418 sententiam
820 3366 932 3418 videns:
960 3367 1104 3420 ‘Fortasse
1124 3369 1208 3419 etiem
1228 3369 1383 3420 adversarii
1401 3385 1458 3419 rem

310 3457 402 3508 obiter
429 3457 578 3518 tongentes
605 3451 762 3519 proferent,
794 3443 862 3519 (ὡς)
885 3453 1065 3519 Megarenses
1093 3459 1122 3505 et
1145 3454 1299 3504 Messenios
1327 3453 1458 3520 quosdam

311 3535 406 3605 (eloco
425 3531 537 3597 ἀτελεῖς
554 3528 743 3603 φάσκοντες),
768 3537 814 3602 qni
837 3538 1003 3602 perhibeant
1021 3537 1076 3604 [ef.
1094 3538 1252 3589 Dobrseum
1277 3537 1356 3589 adh.
1375 3537 1409 3604 l.]
1428 3555 1458 3590 se

310 3629 447 3677 immunes
466 3639 543 3687 esse,
566 3617 697 3688 (ἔπειτα)
716 3621 815 3671 deinde
834 3637 933 3673 renero
951 3615 1077 3689 (ἀτελεῖς
1096 3618 1184 3691 εἰσιν)
1203 3623 1376 3674 immunitate
1394 3623 1459 3687 frui,

310 3712 382 3762 setis
405 3708 515 3776 quidem
536 3723 665 3774 maguum
688 3721 842 3772 numerum,
867 3706 991 3772 aliosque
1011 3709 1155 3774 quosdam,
1180 3705 1290 3760 servos’
1315 3711 1368 3758 ete.
1404 3709 1459 3775 op-

208 3860 212 3863 *
311 3800 450 3861 ponuntur
478 3785 555 3844 εἶναι
586 3785 747 3858 φάσκοντες
775 3798 804 3842 et
833 3786 920 3856 aiolo,
951 3792 986 3841 ad
1015 3797 1160 3858 utrumque
1191 3794 1312 3860 pertinet
1340 3785 1459 3853 ἀτελεῖς.

311 3880 339 3946 3)
358 3871 466 3942 ἀθρόοι
489 3876 593 3930 LaurS.
611 3876 686 3942 vulg.
710 3905 742 3914 -
766 3869 871 3941 ἀθρόοι
891 3877 924 3927 Σ.
943 3904 978 3913 -
1000 3870 1109 3942 ἀθρόοι
1127 3879 1158 3930 F.
1176 3878 1263 3944 Augl.
1281 3877 1317 3929 Π.
1339 3877 1406 3932 blal.
1425 3879 1459 3930 X.

311 3965 375 4015 Vid.
394 3963 525 4029 Prolegg.
545 3962 664 4015 Gramm.
687 3963 712 4024 §-
730 3963 772 4013 37.
849 3961 876 4026 4)
894 3956 1082 4028 παμπλήθεις
1099 3959 1139 4016 Ω.
1158 3979 1179 4016 s.
1220 3962 1285 4014 Vld.
1308 3962 1343 4013 nd
1366 3963 1384 4015 f.
1404 3963 1459 4029 leg.

312 4051 336 4112 §-
355 4053 396 4102 la.
420 4075 453 4085 -
471 4073 503 4083 —
533 4039 694 4114 φάσκοντες
716 4038 753 4105 ἀς
774 4063 836 4113 μεν.
856 4043 905 4096 καλ
927 4061 1006 4113 μεσσ.
1026 4061 1101 4107 τινες
1124 4038 1235 4106 ἀτελεῖς
1259 4041 1332 4099 εἰσιν
1354 4039 1460 4114 ἀθρόοι

312 4133 423 4200 nuperi.
437 4122 537 4196 fres,
557 4125 656 4184 ἔπειτα
674 4128 727 4182 καί
741 4147 817 4190 τινες
829 4120 909 4191 ἄλλοι
919 4131 972 4182 hoo
985 4131 1079 4188 ordine
1092 4131 1291 4183 Pur'l’hierseh.
1362 4131 1388 4198 b)
1407 4148 1460 4200 μοι·

313 4216 430 4285 στηγίοιι
447 4218 533 4282 Augl.
558 4244 589 4254 -
612 4217 731 4282 Apsines
749 4219 804 4267 sic:
831 4208 894 4268 εἶτα
912 4207 1094 4281 ἐπισύροντες
1112 4209 1238 4282 ἐροῦσιν,
1262 4209 1300 4277 ἀς
1317 4217 1392 4282 Mer.
1410 4215 1460 4270 sori

313 4302 405 4356 Μεσσ.
428 4293 540 4362 ἀτελεῖς
569 4318 645 4360 τινες
674 4293 795 4366 ἀθρόοι,
824 4293 910 4367 dodo.
934 4300 1013 4354 doni.
1038 4299 1087 4355 καλ
1109 4315 1192 4368 μαστ.
1215 4300 1329 4366 reliquis
1351 4302 1460 4368 quidem

314 4388 439 4450 omissis,
462 4401 553 4452 neque
576 4402 642 4438 vero
660 4390 801 4438 sententia
823 4387 952 4446 confusa,
976 4403 1058 4454 quarn
1076 4386 1229 4438 AWolfium
1247 4402 1301 4436 non
1319 4386 1460 4438 divinasse

313 4473 455 4523 miramur.
524 4471 551 4538 6)
570 4469 703 4538 tealdus]
723 4489 741 4522 υ
759 4473 788 4523 iu
806 4487 904 4522 rasura
922 4471 1036 4522 ducrum
1053 4471 1194 4524 literarum
1208 4471 1247 4534 Σ,
1267 4487 1350 4536 super
1368 4485 1405 4538 ασ
1418 4475 1462 4524 eet

314 4557 434 4612 macula.
465 4557 555 4621 Infra,
573 4557 615 4618 ἕξ.
634 4559 683 4608 132
702 4557 912 4609 et133nomeu
931 4558 1017 4610 habet
1035 4557 1063 4608 Σ
1083 4558 1142 4608 siue
1161 4560 1288 4607 accentu.
1324 4555 1368 4607 Cf.
1387 4557 1461 4622 Kep-

314 4640 400 4701 κιδᾶς
412 4640 477 4694 Cor.
487 4642 511 4704 t.
523 4643 584 4693 295.
653 4641 679 4706 7)
692 4639 821 4702 Λυκίδας
833 4637 884 4693 aori
895 4641 1082 4702 Διονυσίσος
1094 4640 1228 4709 pluralem
1241 4637 1289 4707 (ef.
1303 4640 1459 4708 Dobrseus)
