3950 5609
544 598 765 643 sunosrunura
781 601 830 642 os.
847 597 1011 643 sornasus
1027 599 1193 644 narrruuu.
1384 577 1441 644 127

296 747 371 830 τείᾳ
386 746 595 829 συμφέρει,·”
619 745 716 812 ταῦτ’
743 747 914 812 ἐπαινεῖνῦ
940 744 1070 842 ἀνάγκῃ
1096 747 1152 812 καὶ
1172 749 1315 812 ποιεῖν.7
1360 743 1443 812 Εἶτα

296 845 355 910 καὶ
370 847 633 932 Λακεδαιμόνιοι
657 854 727 914 τῶν
755 848 822 933 μὲν·
840 848 1024 914 τοιούτοιν8
1050 845 1253 932 ἀφεστᾶσιν,
1280 847 1379 914 ἄλλαι
1406 851 1445 915 de'
1457 870 1481 908 ra

296 971 388 1024 τινες
401 945 478 1032 παρ’
494 949 637 1026 ἐκείνοις
652 951 717 1015 εἰσὶ
731 955 833 1035 τιμαί,
850 947 910 1026 ἀςο
924 947 1097 1028 ἀπεύξαιτ’
1113 947 1156 1015 ἀν
1171 948 1289 1027 ἀίεαςιο
1306 947 1324 1016 ὁ
1340 953 1444 1036 δῆμος

297 1047 493 1114 ἐνταυθοῖΗ
515 1050 686 1133 γενέσθαι.
732 1052 825 1137 (107)
852 1055 948 1128 Τίνες
968 1043 1034 1117 οὖν
1054 1052 1140 1117 εἰσὶν
1161 1042 1276 1130 urinum
1302 1049 1361 1130 τὰς
1381 1053 1443 1137 μὲν

295 1147 375 1215 καθ’
386 1150 530 1216 ἕκαστον
542 1152 642 1235 ἐάσω,
654 1156 736 1237 μίαν
751 1151 780 1218 d'
791 1152 815 1238 ἢ
826 1157 1046 1237 συλλαβοῦσα
1057 1151 1116 1230 τοῖς
1130 1152 1235 1231 ἄλλοις
1246 1155 1312 1238 ἔχει
1324 1155 1441 1238 dietus:

296 1377 368 1435 blica
390 1380 502 1436 rationi>
513 1381 682 1445 conducunt,
706 1397 735 1438 ea
752 1382 860 1439 iaruiure
876 1390 903 1438 et
920 1382 1008 1438 iacere
1024 1399 1136 1438 neeesse
1152 1391 1202 1439 est.
1247 1383 1345 1439 Deinde
1362 1384 1442 1439 etiarn

295 1464 503 1521 Lacedaemonii
524 1484 537 1520 a
561 1467 658 1522 tutibus
680 1467 842 1530 abhorrent.
863 1467 910 1524 sed
931 1467 976 1524 otii
1000 1468 1109 1542 quidum
1131 1469 1250 1524 irunoras
1265 1468 1336 1542 apud
1352 1485 1399 1524 eos
1416 1469 1443 1524 in

294 1566 350 1604 iren
373 1559 451 1612 suut.
481 1569 550 1624 quos
571 1552 625 1608 hue
646 1554 736 1609 venire
757 1555 901 1609 universus
922 1553 1042 1627 populns
1063 1553 1243 1610 abominetur.
1288 1551 1370 1630 (107)
1392 1553 1443 1623 (tui

294 1643 363 1690 sunt
384 1637 470 1708 igitur
492 1635 549 1691 iiii?
578 1635 703 1713 singulos
721 1637 831 1711 quidem
846 1655 901 1695 nou
917 1639 1151 1700 commemorabo.
1175 1638 1321 1694 sedunum
1338 1645 1444 1695 tuntum

300 1810 466 1818 ——----
475 1811 504 1818 ..-

366 1921 393 1982 5)
412 1915 569 1986 συμφέρειν
586 1921 683 1976 Vindt.
761 1922 788 1987 a)
812 1915 911 1986 (ταῦτ’
928 1913 949 1988 ἢ
972 1914 1015 1976 ἐπ.
1038 1921 1068 1975 Τ.
1090 1930 1107 1974 t.
1127 1939 1173 1973 rec
1190 1923 1239 1988 tri)
1281 1921 1324 1974 Cf.
1343 1929 1399 1976 not.
1418 1927 1442 1980 3,

296 2005 329 2054 In
341 2003 374 2058 Ω
386 2008 474 2071 prima
485 2005 623 2056 habuerat
634 2005 726 2058 ταῦτα
738 2008 868 2071 noteris,
884 2012 941 2057 tum
954 2023 972 2057 α
985 2011 1138 2058 correctum
1152 2013 1196 2058 est
1208 2008 1236 2058 in
1249 2000 1271 2061 ἒ.
1335 2011 1361 2072 i)
1381 2009 1443 2060 ‘Su-

295 2093 393 2156 spicor
409 2089 623 2142 Demosthenem
643 2093 684 2142 sio
702 2091 860 2156 reliquisset
879 2084 951 2143 ἀλλὰ
969 2089 1004 2157 τῇ
1023 2083 1092 2154 παρ’
1112 2084 1234 2152 ἐκείνοις
1252 2094 1316 2144 ποῖ.
1334 2089 1443 2160 συμφέ-

295 2191 342 2238 ρει
365 2166 448 2226 ταῦτ’
471 2167 615 2240 ἐπαινεῖν,
644 2163 799 2242 ἀάνάγιιη
821 2173 871 2228 aot
894 2173 1013 2228 zaraia)
1055 2177 1226 2229 Roiskius.
1268 2178 1335 2239 ‘Qui
1357 2183 1443 2228 totum

296 2260 390 2310 iocum
407 2259 559 2326 diligenter
575 2260 753 2326 perpenderit
771 2267 799 2310 et
816 2261 881 2328 qnid
899 2245 1070 2326 potissimum
1089 2265 1158 2326 aget
1174 2267 1266 2312 orator
1282 2263 1367 2328 probe
1385 2277 1444 2328 per·

297 2347 423 2410 sperarit
439 2346 557 2396 fortasse
574 2331 681 2395 meeum
699 2352 815 2411 reponet
832 2338 916 2398 ταῦτ’
933 2337 1047 2411 ἀνάγκη
1065 2342 1114 2397 sui
1134 2337 1277 2412 ἐπαινεῖν,
1299 2353 1330 2396 ut
1348 2347 1443 2398 hodie·

298 2446 353 2496 que
373 2428 452 2480 multi
470 2431 499 2480 in
516 2429 602 2480 simili
619 2445 650 2479 rs
667 2444 739 2495 quoe
757 2431 935 2481 vehementer
953 2430 1123 2496 improbant,
1142 2436 1234 2480 tamen
1254 2433 1345 2482 eoacti
1363 2425 1443 2483 ἕποι-

298 2511 413 2576 rodata,
433 2504 468 2564 mi
486 2507 677 2580 μὴννιοιοῦσί
693 2512 744 2579 γε)
781 2515 931 2566 Cobetus
948 2515 1018 2565 Non.
1037 2515 1128 2566 Lecti.
1147 2531 1174 2580 p.
1192 2516 1250 2569 228.
1279 2513 1329 2567 ιιαῖ
1348 2519 1444 2568 ποιεῖν

298 2597 446 2649 delendum
464 2613 527 2649 esse
550 2601 635 2650 etiam
653 2599 830 2664 Hirsahigius
849 2599 997 2665 (ruitotog.
1015 2599 1085 2650 'RV
1102 2615 1129 2666 p.
1142 2599 1202 2662 333)
1222 2599 1347 2650 iubebat.
1381 2601 1445 2652 Sui-

298 2683 397 2734 ficeret
423 2682 544 2748 quidem,
575 2686 600 2734 si
629 2685 690 2734 sine
714 2687 811 2736 ποιεῖν
836 2686 979 2736 sententia
1009 2683 1213 2747 absolveretur,
1244 2685 1291 2736 sad
1322 2685 1444 2736 additum

300 2784 363 2820 esse
391 2768 458 2818 mihi
485 2765 594 2820 ridetur
620 2767 671 2821 καῖ
697 2772 793 2822 ποιεῖν
818 2773 959 2821 nomine
987 2770 1157 2834 acerbitate,
1185 2770 1241 2820 sia:
1269 2770 1343 2835 iilia,
1373 2769 1444 2836 apud

299 2853 551 2916 Lacedaemonios,
581 2869 636 2904 non
658 2870 717 2904 mos
745 2860 800 2919 est,
831 2861 861 2905 ut
886 2855 979 2906 verbio
1003 2859 1109 2905 tantum
1138 2854 1219 2906 utitis
1247 2855 1354 2906 civibus
1381 2871 1444 2906 erra·

298 2939 398 2998 deant,
422 2937 473 2988 sed
497 2940 581 2989 etiam
605 2940 728 3004 iaciunt,
752 2945 850 2991 eontra
872 2940 946 3006 apud
967 2955 1018 2990 nos
1036 2940 1227 2991 Athenienses.
1265 2939 1409 2990 Sententia
1427 2957 1444 2992 a

299 3023 384 3074 laude
403 3023 554 3074 alienorum
577 3025 764 3076 institutorum
781 3026 884 3076 transit
905 3024 940 3075 ad
958 3040 1060 3074 morem
1078 3025 1187 3075 omnino
1205 3025 1304 3074 bonnm
1324 3041 1357 3075 ae
1376 3031 1444 3076 stre·

299 3124 394 3160 nuum.
462 3107 490 3173 3)
508 3103 646 3162 τοιούτων
663 3101 741 3162 ἐθῶν
758 3109 836 3173 vuig.
854 3137 886 3146 -
904 3102 983 3160 ἐθῶν
1001 3125 1043 3160 orn
1057 3107 1090 3162 Σ.
1104 3110 1193 3174 Augl.
1206 3109 1231 3158 Ιι.
1251 3136 1281 3144 -
1302 3111 1330 3160 iu
1349 3111 1444 3162 LaurS

300 3211 318 3244 a
337 3210 370 3261 pr
388 3185 467 3246 tuus
483 3209 567 3260 supra
585 3185 747 3259 ἀφεστᾶσιν
764 3195 896 3260 scriptum
919 3199 969 3244 est.
994 3221 1026 3230 —
1050 3195 1078 3244 in
1095 3191 1127 3247 Ω
1145 3185 1223 3245 ἔθων
1240 3194 1299 3245 sine
1318 3201 1444 3245 aaeerrtu.

299 3280 327 3342 9)
348 3269 384 3339 ἃς
400 3295 444 3329 om
462 3279 524 3335 nid.
595 3280 637 3341 10)
656 3268 734 3342 ἅναξ
752 3278 861 3333 Aldeto.
879 3305 911 3314 -
929 3268 1007 3337 ἅπας
1025 3277 1059 3332 Σ.
1078 3263 1181 3332 Laur'S.
1200 3278 1273 3344 vrrig.
1295 3306 1329 3316 -
1352 3267 1443 3342 *ἀπαξ

283 3367 374 3415 ·beno
391 3364 484 3415 hahet.
514 3380 546 3414 ne
562 3365 761 3429 sanctorium,
780 3366 847 3414 nulio
863 3379 971 3429 uuquam
983 3362 1115 3429 tempore!
1135 3363 1306 3415 Roiskius.
1343 3361 1444 3418 ‘Cotti

299 3465 402 3514 magno
421 3465 533 3500 numero
550 3437 629 3508 ἅπας
646 3449 781 3514 probante
800 3447 928 3514 Tayloro.
964 3449 1001 3498 At
1019 3464 1068 3499 our
1085 3445 1215 3500 uniuersus·
1233 3448 1368 3514 populus?
1393 3451 1444 3500 Mi·

300 3549 364 3585 sere
386 3534 469 3599 friget
490 3534 560 3584 ittuu
577 3524 663 3593 ἅπας.
704 3533 820 3598 Contra,
843 3548 954 3584 sensum
973 3533 1088 3584 adiuvat
1105 3522 1196 3596 ἅπαξ,
1218 3536 1308 3598 pitane,
1327 3533 1443 3586 omnino.’

300 3621 324 3669 1⁸*
331 3634 353 3669 r.
366 3618 397 3668 Δ.
410 3617 566 3670 wolfius.
602 3607 694 3678 ‘daura
712 3619 833 3672 Beklaer.
849 3619 929 3670 bene.
959 3623 1091 3670 uniuersae
1107 3621 1231 3686 populna,
1249 3636 1281 3670 ne
1298 3621 1329 3670 iia
1347 3621 1446 3686 quidem

300 3707 434 3769 exeeptis,
462 3704 507 3770 qui
521 3705 604 3754 οιῖῖοιο
619 3705 708 3767 fauent
725 3706 776 3770 topi
793 3705 944 3771 Leptiaeae.
980 3694 1058 3767 ἅπαξ
1080 3703 1236 3767 laudaram,
1261 3707 1286 3754 si
1308 3703 1385 3755 locus
1403 3705 1444 3755 sio

301 3790 423 3854 scriptae
452 3795 541 3838 esset:
576 3777 612 3849 ἀς
637 3779 721 3855 ὑμεῖς
746 3780 923 3853 ἀπεόξαισθ’
951 3777 988 3840 ἀν
1015 3781 1092 3852 ἅπαξ
1119 3783 1263 3842 ἐνταυθοῖ
1287 3784 1445 3856 γενέσθαι]

302 3873 521 3927 Sohaeierns.
562 3873 636 3923 ‘Non
659 3879 735 3925 certe
762 3873 920 3925 defenditur
943 3866 1022 3933 ἅπας
1049 3891 1082 3924 aa
1109 3875 1338 3941 interpretatione
1365 3891 1445 3941 quarn

302 3957 418 4010 exhibet
436 3956 613 4012 Seiraeferus.
650 3960 681 4009 In
701 3965 827 4025 promptu
846 3965 906 4010 erat
924 3960 1062 4025 corrigere
1080 3951 1212 4020 datiana!
1242 3960 1371 4011 Bakius
1389 3963 1444 4026 Hy·

302 4059 394 4110 poma.
412 4043 445 4093 T.
465 4043 507 4092 111
525 4059 552 4109 p.
571 4045 629 4096 127.
664 4045 770 4095 Atrion
789 4045 898 4096 omuino
916 4060 1010 4096 omnes
1029 4061 1096 4111 quos
1115 4045 1329 4097 Lacedaemonii
1348 4061 1446 4096 conoe·

301 4127 408 4180 debant
429 4127 547 4178 bonores
569 4129 687 4194 populus
703 4129 912 4182 Atheniensium
935 4130 1161 4194 abominabatur,
1184 4146 1210 4181 ν,
1230 4145 1254 4182 o.
1272 4129 1366 4180 titulos
1386 4145 1445 4196 pro·

302 4229 434 4264 xenorum
458 4217 486 4262 et
508 4213 622 4265 aliorum
650 4214 790 4266 honorum.
825 4216 867 4265 De
886 4214 1117 4266 Lacedaemoniis
1136 4215 1173 4266 oi.
1192 4216 1277 4269 inser.
1295 4215 1399 4266 Laced.
1418 4215 1446 4264 in

302 4297 440 4348 Boechbii
458 4297 539 4364 Corp.
557 4300 608 4353 No.
623 4302 697 4350 1335.
732 4299 794 4352 vid.
813 4300 1016 4350 Weatermaun.
1036 4299 1064 4349 in
1082 4301 1160 4352 Dinr.
1172 4301 1264 4366 Autiq.
1277 4300 1295 4354 i.
1310 4315 1333 4354 ο,
1347 4316 1373 4366 p.
1387 4302 1445 4352 777.

304 4383 360 4432 Sed
379 4388 485 4433 tantum
505 4384 526 4432 ii
543 4381 660 4435 honores
679 4385 705 4435 b.
719 4385 737 4438 1,
752 4384 927 4450 intelligendi
944 4390 1010 4436 sunt
1027 4401 1094 4450 quos
1107 4385 1306 4436 Demosthenes
1324 4387 1445 4451 proxime

304 4470 438 4519 nominat.
473 4468 637 4519 Universum
656 4470 682 4520 h.
700 4469 720 4523 l.
738 4469 867 4536 populum
885 4471 926 4519 ita
943 4469 999 4520 dici
1017 4474 1095 4536 puto,
1120 4476 1149 4520 ut
1167 4472 1286 4521 oratorie
1305 4469 1445 4536 intelliga-

304 4559 361 4617 tur,
380 4551 448 4602 iieet
465 4553 598 4618 Leptines
616 4548 732 4618 eiusque
750 4557 819 4606 socii
837 4555 1020 4620 excipiantur.
1091 4555 1133 4620 11)
1153 4548 1289 4607 ἐνταῦθα
1309 4557 1348 4606 sio
1360 4555 1400 4612 Ω.
1415 4581 1445 4592 -

304 4630 432 4690 tutandi
446 4637 529 4691 Dind.
548 4636 581 4687 de
600 4653 657 4688 suo.
698 4639 759 4692 vid.
780 4639 908 4706 Proiegg.
928 4641 1048 4692 Gramm.
1067 4641 1090 4701 ἓ.
1113 4641 1168 4692 139.
