3950 5609
533 542 575 605 46
781 560 1003 609 uuuosunuurs
1018 563 1069 607 oa.
1085 561 1250 608 surmus
1264 563 1434 607 seruntur.

535 711 608 777 ἐκεῖ
625 712 818 795 κομίζεσθε,
844 712 901 777 καὶ
921 710 1028 778 didor’
1050 713 1089 779 ἐν
1113 716 1211 797 τιμῆς
1231 712 1344 797 μέρει3
1365 714 1489 795 ταῦτα,
1515 707 1615 775 daei
1634 708 1690 795 μτ)

534 816 699 897 λαβοῦσιν
719 816 811 879 ἔστιν
832 816 921 898 ἔχειν
941 825 1011 891 τοῖς
1030 816 1111 880 τοῦ4
1131 825 1348 900 τριηραρχεῖν
1362 810 1439 893 ἄξια
1452 813 1688 899 κεκτημένοις.

531 912 629 980 Ἀλλὰ
648 912 735 1001 μὴν5
757 912 809 982 ὅτι
829 920 899 981 τῶν
917 917 1166 1001 τριηραρχιῶνθ
1188 913 1301 993 οὐδείς
1322 913 1393 982 ἐστ’
1409 914 1545 1001 ἀτελής,
1566 909 1689 1001 οἶμαιῖ

533 1018 614 1103 μὲν8
629 1014 716 1103 ὑμᾶς
731 1016 856 1083 εἰδέναι
871 1016 1010 1102 πάντας,
1029 1016 1120 1102 ὅμως
1134 1018 1172 1084 δὲ
1188 1015 1320 1085 καὶτὸν
1334 1017 1441 1104 νόμον
1456 1014 1539 1103 ὑμῖν
1554 1014 1689 1082 αὕτόν9

495 1141 519 1180 ιο
533 1116 805 1205 dvocyuor'oeroo.¹0
854 1120 978 1204 sirapti¹¹
1000 1118 1094 1187 τὸν12
1118 1120 1195 1204 περὶ
1220 1125 1290 1186 τῶν
1312 1125 1540 1206 τριηραρχιῶν
1558 1120 1688 1204 νόμον,

533 1223 589 1288 καὶ
604 1222 680 1305 λέγε
694 1220 787 1287 τοῦτ’
806 1218 899 1289 αὐτό.
910 1222 933 1264 ¹³

535 1429 592 1476 tum
613 1418 657 1476 bic
677 1418 753 1475 lucro
769 1426 914 1493 pensatur.
936 1427 964 1475 et
978 1435 1029 1493 per
1043 1419 1157 1475 honoris
1172 1421 1291 1494 speciem
1307 1437 1337 1475 ea
1354 1418 1489 1482 tribuitis.
1510 1435 1580 1493 quse
1595 1420 1685 1475 etiam

534 1504 606 1561 uitro
622 1504 674 1560 sibi
690 1520 799 1561 sumere
814 1494 932 1578 possunt
953 1504 996 1567 hi.
1018 1521 1134 1578 quorum
1151 1513 1241 1561 tantm
1257 1504 1400 1563 facultates
1416 1513 1493 1566 sunt,
1515 1513 1546 1559 nt
1562 1505 1686 1561 triremi·

534 1588 585 1645 bus
607 1588 774 1647 instruendis
794 1606 874 1663 pares
896 1590 959 1645 sint.
1011 1590 1110 1645 Verum
1130 1589 1178 1647 iiio
1199 1606 1311 1647 munere
1332 1607 1427 1647 vacare
1446 1590 1597 1652 nemiuem.
1624 1590 1683 1645 etsi

534 1690 628 1731 omues
650 1692 697 1731 vos
712 1674 740 1730 id
755 1676 825 1731 scire
840 1674 974 1741 arbitror,
995 1682 1085 1732 tamen
1106 1682 1135 1731 et
1154 1677 1240 1749 ipsum
1264 1675 1353 1751 legem
1376 1674 1509 1733 recitabit
1553 1674 1624 1748 Cape
1639 1674 1684 1729 ic·

533 1776 596 1834 gem
612 1760 811 1819 tderurciricanr
827 1768 854 1817 et
869 1761 952 1817 recita
967 1761 1020 1817 hoc
1035 1762 1134 1836 ipsum.

601 1978 627 2045 t)
646 1974 725 2045 μέρει
743 1977 826 2046 τιμῆς
843 1996 864 2029 s.
883 1978 964 2029 Irind.
977 1977 1076 2033 Viudl.
1089 1980 1113 2031 7.
1181 1980 1210 2044 4)
1228 1992 1298 2030 rouo
1315 1979 1375 2029 sine
1393 1975 1446 2029 rob
1462 1976 1558 2029 naurs
1577 1976 1681 2041 (initas

532 2059 743 2131 κεκτημένους).
769 2079 800 2129 pr
815 2063 852 2123 Σ,
880 2080 914 2115 ex
936 2081 954 2114 α
977 2065 1116 2115 recentior
1138 2064 1258 2115 correxit
1279 2080 1290 2113 ι
1309 2067 1337 2113 et
1357 2061 1465 2113 addidit
1487 2063 1680 2128 compendium

532 2146 591 2200 rori.
662 2146 689 2215 5)
707 2165 747 2216 μη
765 2164 798 2215 pr
813 2149 851 2213 Σ,
871 2148 948 2215 antiq
967 2146 1021 2198 add
1038 2166 1062 2200 ν.
1132 2148 1159 2211 o)
1176 2145 1356 2215 τριηραρχῶν
1366 2146 1463 2199 Viudl.
1532 2146 1678 2213 ’1)οΐομαι

532 2234 671 2285 Reiskius.
692 2260 726 2270 -
755 2226 837 2299 οἶμαι
857 2233 890 2284 Σ.
913 2233 1016 2284 LaurS.
1040 2232 1343 2297 ΩΔυρ1.Ἦηᾱ1.4.
1366 2230 1403 2285 H.
1421 2232 1455 2281 X.
1478 2232 1544 2283 Mai.
1566 2230 1677 2282 Aidetc.

532 2317 611 2371 litam
629 2319 744 2369 formam
763 2318 788 2369 h.
801 2318 819 2369 1.
839 2319 866 2369 in
885 2318 960 2369 nullo
978 2317 1071 2369 codiee
1091 2318 1194 2371 inveni.
1262 2317 1290 2383 8)
1309 2312 1364 2385 μὲν
1380 2315 1429 2369 καὶ
1446 2334 1470 2367 r.
1540 2315 1567 2381 9)
1586 2307 1679 2367 αὐτὸν

532 2416 575 2453 om
593 2402 679 2468 Augl.
697 2404 723 2457 b.
793 2401 836 2467 10)
858 2395 1039 2470 αναγνοὸσετε
1060 2402 1122 2453 nid.
1145 2403 1238 2454 Herw.
1256 2402 1325 2456 Mor.
1344 2400 1448 2453 naurs.
1466 2399 1505 2469 ῼ.
1525 2400 1622 2452 vinos.
1643 2427 1677 2437 -

531 2479 735 2555 ἀναγνώσομαι
758 2502 819 2537 corr
841 2496 859 2540 t.
929 2488 971 2549 11)
991 2480 1061 2553 idda
1084 2504 1133 2554 μοι
1150 2488 1230 2539 Less.
1266 2488 1310 2539 De
1334 2482 1403 2554 aaut
1425 2489 1543 2536 accentu
1565 2486 1621 2536 vid.
1640 2485 1676 2536 ad

532 2571 555 2633 β.
574 2572 617 2627 63.
687 2571 730 2637 12)
747 2570 805 2622 τῶν
823 2588 855 2638 pr
866 2570 906 2627 Ω.
928 2572 959 2623 Τ.
979 2572 1045 2624 Mai.
1114 2571 1157 2636 13)
1176 2570 1278 2625 sorites
1295 2565 1396 2632 αὐτοῖς
1415 2569 1675 2637 corrLaan.'vrrig.

533 2682 562 2693 -
582 2654 665 2709 τοῦτο
683 2648 754 2709 αὖτε
772 2672 804 2723 pr
819 2656 847 2708 Σ
864 2653 1019 2721 (recentior
1036 2656 1071 2708 ad
1089 2663 1212 2709 extrema
1230 2656 1283 2709 add
1301 2658 1352 2721 ις).
1375 2672 1407 2723 pr
1422 2654 1527 2709 LaurS.
1545 2658 1632 2721 Augl.
1648 2655 1674 2705 k.

531 2740 628 2792 Vindt.
665 2741 752 2793 ‘Dedi
773 2742 806 2792 de
829 2758 890 2793 meo
914 2739 998 2795 τοῦτο
1020 2734 1073 2805 (τὸ
1094 2737 1179 2807 μέρος
1197 2739 1248 2793 τοῦ
1266 2734 1388 2808 νόμον),
1415 2742 1488 2792 hano
1510 2740 1676 2807 particulam

531 2825 616 2892 legis,
641 2842 723 2891 quam
741 2831 834 2877 orator
851 2827 940 2892 digito
957 2825 1167 2879 demonstrabat
1185 2826 1294 2879 scribae
1315 2823 1550 2893 praelegendum.¹
1576 2826 1676 2877 Reis-

531 2911 617 2965 nius.
654 2911 713 2964 ‘cr
731 2912 819 2962 nostri
842 2912 863 2963 r.
887 2912 942 2977 reg.
961 2928 986 2977 p.
1006 2914 1105 2977 arua
1127 2901 1213 2975 (αὐτὸ
1230 2909 1328 2972 τοῦτο,
1347 2904 1480 2973 cooevos)
1503 2912 1571 2975 ἰείη.
1594 2908 1675 2975 sayr.

532 2998 560 3047 et
577 2997 709 3048 Aristoor.
731 3014 757 3063 p.
776 2996 838 3063 650,
862 2998 878 3047 8
901 2988 948 3061 (ἐξ
972 2986 1094 3051 indotos
1116 2997 1175 3051 τῶν
1196 2990 1391 3064 ψηφισμάτων
1410 2987 1482 3048 αὖαῦ
1504 2985 1584 3048 τοῦτ’
1603 2987 1675 3060 ἐξεί-

531 3081 647 3145 λεκται).
686 3081 718 3133 Id
742 3086 835 3133 tamen
857 3082 980 3134 dubitari
1002 3087 1107 3150 potest,
1139 3100 1174 3135 au
1199 3083 1272 3148 legis
1299 3083 1385 3134 verbu
1411 3082 1452 3132 ita
1474 3082 1532 3132 sint
1555 3081 1590 3131 ab
1614 3081 1676 3146 ipsu

532 3171 644 3219 auctore
668 3168 818 3235 adscripta.
853 3166 1022 3235 Abruptiora
1044 3184 1079 3221 sa
1096 3174 1160 3220 sunt
1178 3172 1206 3218 et
1223 3167 1306 3234 piane
1325 3167 1376 3218 tati
1394 3166 1501 3232 specie,
1526 3180 1607 3231 quam
1626 3180 1674 3217 an-

531 3257 630 3305 notata
648 3252 780 3305 lectorum
798 3252 902 3306 habere
921 3253 1019 3306 solent
1033 3281 1064 3291 -
1082 3253 1199 3305 Omnino
1216 3254 1323 3305 factum
1340 3253 1450 3305 videtur
1467 3251 1534 3303 mibi
1551 3252 1673 3319 saepius,

530 3341 562 3387 ut
578 3338 608 3391 iu
625 3338 708 3401 loeis,
731 3338 779 3389 ubi
797 3338 926 3390 deessent
943 3340 1029 3402 suita,
1052 3340 1130 3405 leges
1148 3339 1259 3389 aliaeve
1277 3338 1377 3390 literae
1394 3338 1537 3404 publicae,
1559 3337 1674 3388 sicunde

531 3428 597 3473 nota
614 3426 720 3487 essent,
747 3428 796 3474 aut
812 3440 847 3475 ex
866 3425 928 3490 ipsa
946 3425 1072 3477 cretione
1090 3422 1212 3489 suppleri
1230 3428 1355 3489 possent,
1378 3439 1395 3474 a
1418 3422 1509 3474 doctis
1525 3421 1674 3475 lectoribus

531 3506 736 3559 insererentur!
763 3510 813 3564 1²1.
827 3508 1028 3561 A.Wolt'ius.
1065 3509 1121 3560 ‘Ab
1139 3509 1198 3574 ipso
1216 3512 1326 3560 oratore
1343 3508 1415 3560 haee
1432 3507 1503 3575 legis
1520 3509 1608 3561 verba
1627 3509 1673 3559 ad·

531 3594 649 3659 scripta,
673 3608 727 3647 nou
752 3608 768 3643 a
789 3593 871 3645 docto
894 3593 1000 3647 lectore
1022 3596 1128 3645 inserta
1151 3610 1226 3656 esse,
1250 3595 1343 3661 arguit
1366 3594 1477 3660 opinor,
1499 3592 1553 3645 hoe
1575 3595 1673 3662 ipsam,

531 3676 602 3743 quod
625 3679 743 3745 abrupta
765 3684 835 3729 suut
874 3694 938 3730 nam
960 3679 1127 3749 partiendam
1151 3673 1184 3731 dd
1211 3695 1279 3731 cave
1301 3678 1419 3730 deieas.‘
1456 3678 1671 3729 Sebaeierus.

531 3763 592 3815 vio.
620 3764 654 3815 ds
681 3764 903 3815 documentorum
929 3764 982 3815 tide
1006 3765 1100 3818 Praei.
1125 3763 1160 3820 ad
1184 3764 1249 3816 edit
1275 3765 1354 3815 Dem.
1378 3780 1402 3815 o.
1424 3763 1554 3816 Aesebin.
1576 3777 1673 3813 versus

531 3847 577 3903 tin.
591 3874 621 3885 -
638 3874 668 3883 —-
688 3838 772 3901 ‘adad
788 3849 857 3901 mibi
875 3850 987 3915 gravius
1004 3850 1125 3915 ridetur,
1146 3866 1228 3916 quam
1246 3851 1318 3916 quod
1335 3850 1412 3901 locus
1431 3848 1516 3901 facile
1534 3847 1673 3911 admittat,

530 3948 583 3984 nes
604 3934 676 3985 sutis
699 3933 793 3999 placet
815 3932 898 3986 τοῦτο
922 3927 1008 4001 αὐτό,
1034 3942 1064 3985 ut
1086 3938 1132 3987 cui
1155 3937 1244 4002 magis
1265 3936 1409 4003 probetur,
1435 3936 1546 3987 inverso
1567 3934 1672 3996 ordine,

531 4010 602 4069 oded
624 4016 716 4072 τοῦτο.
757 4019 833 4070 Adde
862 4020 931 4086 quod
960 4020 1063 4072 talibus
1085 4022 1114 4071 in
1143 4021 1267 4073 formulis
1287 4021 1410 4073 solennis
1433 4026 1476 4071 est
1497 4034 1563 4071 usne
1585 4018 1673 4070 dativi

531 4096 638 4164 αὐτοῖς.
674 4103 735 4154 Vid.
755 4120 781 4171 p.
798 4106 857 4167 473,
878 4108 918 4159 li.
937 4122 963 4171 p.
982 4108 1041 4168 503,
1058 4109 1099 4157 23.
1123 4122 1149 4171 p.
1169 4108 1227 4163 680.
1246 4108 1270 4157 7.
1293 4122 1319 4171 p.
1338 4108 1397 4169 213,
1417 4107 1457 4157 1⁷.
1493 4105 1613 4156 Diversa
1630 4108 1700 4154 est·

531 4190 601 4239 ratio
625 4206 650 4255 p.
669 4190 732 4253 529,
752 4192 783 4241 17
812 4196 840 4239 et
865 4206 892 4256 p.
910 4192 974 4253 721,
998 4195 1023 4245 3.
1067 4192 1119 4241 His
1147 4192 1219 4242 enim
1246 4190 1317 4241 loeis
1344 4192 1403 4257 ipse
1430 4204 1527 4241 seusus
1555 4188 1671 4241 aiterum

445 4274 447 4277 ’
530 4289 680 4339 pronomen
704 4274 768 4326 addi
790 4274 904 4341 poscit'
931 4274 1147 4332 Schaeferus,
1183 4276 1300 4329 Praeter
1316 4276 1403 4329 verba
1426 4290 1510 4341 supra
1532 4274 1673 4341 descripta

531 4359 566 4410 oi.
585 4358 732 4412 Theocriu.
755 4360 779 4420 §-
800 4362 845 4410 14:
876 4360 936 4412 nar
956 4377 1005 4427 μοι
1028 4355 1092 4426 λέγε
1114 4352 1194 4414 τοῦτ’
1216 4353 1288 4414 αὐτὸ
1311 4360 1362 4412 τοῦ
1386 4352 1484 4426 νόμον.
1522 4361 1579 4411 Hie
1597 4360 1673 4412 locus

531 4443 706 4509 aliquatenus
725 4445 802 4496 iuvet
819 4444 954 4495 Dindortii
973 4446 1166 4499 coniecturaee
1194 4447 1336 4499 ‘Fortasse
1353 4451 1494 4513 praestat:
1519 4446 1604 4499 τοῦτο
1622 4436 1671 4497 αὖ·

530 4526 594 4591 τοῦ,
615 4529 679 4579 banc
697 4532 749 4579 eiua
765 4528 884 4595 purtem!
898 4556 932 4567 —-
943 4556 977 4569 -
994 4529 1096 4583 τοῦτον
1114 4524 1222 4592 αὐτοῖς,
1240 4530 1322 4600 Λέγε.
1340 4532 1448 4584 Aldeto.
1468 4558 1499 4569 —-
1518 4530 1672 4581 Secundum

530 4606 602 4681 Λέγε
620 4628 663 4664 ona
681 4614 715 4666 Σ.
734 4614 809 4680 vulg.
