3950 5609
553 551 776 600 osrsoscaenrs
797 552 1030 602 ostunensem
1047 553 1215 603 summan.
1394 536 1452 602 131

309 702 364 766 det
389 700 480 785 παρὰ
509 703 619 768 πάντα
647 701 765 768 ταῦτἰ
797 704 905 769 εἰπεῖν
934 700 954 768 tl
982 705 1116 770 δίκαιον
1144 702 1307 790 ἡγοῦμαι·
1350 705 1453 772 ἐκεῖν’

308 801 352 867 ἄν
381 801 481 888 ἔγωγ’
513 805 686 889 είαοιμιεῖ
730 801 803 870 Οὐκ
833 807 929 871 sarm
953 803 1108 889 δίκαιον,
1147 797 1176 871 ὦ
1205 803 1328 890 ἄνδρες
1355 806 1453 892 Ἀθη-

306 915 415 988 votor,
438 901 519 982 τούς
532 907 811 991 Λακεδαιμονίων
831 907 957 992 νόμους
977 903 1152 984 cridiensis
1168 911 1328 992 Θηβαίων
1343 910 1453 993 λέγειν
1466 925 1491 964 2⁵

308 1003 660 1093 cuissiacensem
676 1011 919 1093 λυμαίνεσθαι,
941 1006 1023 1075 οὐδὲ
1044 1005 1089 1074 δι’
1107 999 1156 1074 civ
1177 1009 1240 1094 piu
1257 1011 1381 1076 ἐκεῖνοι
1396 1034 1455 1096 με-

305 1108 405 1190 γάλοι
430 1113 488 1192 τῆς
513 1104 707 1194 ὀλιγαρχίας
732 1111 789 1176 καὶ
815 1111 1028 1188 cernentem
1057 1112 1138 1195 είσί,
1170 1108 1235 1176 κᾶν
1260 1110 1454 1178 ἀποκτεῖναι

307 1320 333 1377 iri
361 1316 506 1378 dicendum
533 1328 590 1388 est,
621 1322 695 1397 quod
723 1323 824 1380 iustum
854 1340 916 1381 esse
937 1323 1069 1390 arbitror:
1099 1325 1140 1380 sic
1161 1341 1212 1398 ego
1233 1324 1359 1381 dixerim:
1395 1323 1453 1381 lton

306 1407 410 1462 iustum
431 1415 488 1468 est.
513 1407 706 1471 titrenienses.
730 1408 1004 1466 lacedaemoniorum
1020 1417 1067 1466 eut
1082 1408 1270 1484 Thebanorum
1286 1409 1361 1484 leges
1377 1425 1454 1484 pruc-

305 1491 398 1548 «licere
412 1491 445 1546 ed
461 1491 784 1554 nostreslehelectendes.
799 1510 957 1568 nequeeum
973 1494 1090 1567 quidem.
1107 1495 1154 1568 qui
1171 1493 1224 1550 talc
1240 1493 1305 1568 quid
1321 1495 1391 1568 opud
1403 1511 1454 1550 nos
1513 1503 1517 1510 '

306 1576 509 1634 machinaretur
528 1593 560 1633 ex
582 1579 630 1640 ils.
652 1595 702 1652 per
716 1595 785 1653 quse
808 1577 846 1635 llil
862 1579 1028 1653 oligerchiee
1044 1586 1072 1636 et
1087 1578 1280 1636 dominationis
1297 1580 1345 1636 viri
1362 1581 1452 1654 rnagni

307 1717 460 1726 e——--..
471 1718 512 1725 ...ο

374 1789 434 1849 lll.
471 1793 495 1858 l)
515 1785 593 1858 nupti
612 1791 703 1845 cedre
716 1785 811 1845 πάντα
824 1794 928 1847 LaurS.
942 1795 968 1845 ir.
982 1822 1012 1830 —
1032 1787 1101 1860 παρ’
1120 1787 1236 1848 ἅπαντα
1254 1787 1338 1847 ταῦτ’
1354 1795 1450 1848 Vindi.

304 1879 332 1940 2)
352 1871 449 1930 taetro
468 1870 551 1944 ἔγωγ’
570 1864 608 1928 αἶα
627 1876 684 1930 adn.
703 1878 811 1932 hidetc.
829 1881 860 1931 F.
878 1887 896 1933 t.
917 1899 938 1930 u.
957 1881 990 1930 11.
1010 1909 1038 1916 -
1060 1873 1157 1933 ἐκεῖνα
1176 1868 1213 1932 riv
1231 1875 1317 1947 ἔγωγε
1336 1879 1393 1932 rin.
1412 1878 1451 1934 Ω.

303 1989 339 1998 -
357 1953 446 2015 ἐκεῖν’
465 1951 503 2014 dv
521 1958 609 2028 ἔγωγε
628 1962 685 2016 είπ.
705 1963 740 2018 Σ.
759 1963 862 2015 Lean.
883 1965 914 2016 T.
928 1965 954 2014 lr.
967 1980 989 2014 a.
1008 1965 1105 2014 Vindl.
1125 1965 1182 2015 Mal
1210 1963 1247 2019 Π.
1261 1963 1399 2030 (ningit).
1421 1991 1450 2002 -

304 2039 403 2100 ἐκεῖνό
426 2039 455 2114 γ’
475 2036 512 2099 ἂν
536 2038 622 2113 ἔγωγ’
641 2046 697 2100 ein.
716 2050 812 2114 hugi?
834 2077 868 2084 —
895 2041 989 2100 ἐκεῖνό
1013 2063 1045 2114 γε
1069 2036 1107 2098 civ
1130 2045 1187 2101 ein.
1207 2043 1293 2115 ἔγωγε
1311 2066 1333 2098 r.
1353 2047 1449 2098 vinda.

304 2134 331 2196 3)
351 2122 387 2183 αὖ
399 2132 458 2182 sine
473 2127 531 2184 ἔστι
544 2131 635 2182 Schol.
650 2133 731 2183 Rhet.
744 2133 776 2186 T.
789 2133 818 2184 11
829 2149 854 2198 p.
868 2134 926 2186 oto.
997 2131 1024 2196 4)
1043 2131 1094 2199 τῆς
1106 2123 1272 2200 ὀλιγαρχίας
1285 2129 1335 2184 καὶ
1349 2130 1450 2185 deono-

303 2213 575 2280 τείας11εσποείας
598 2233 630 2283 pr
648 2217 682 2268 Σ.
701 2217 822 2282 LaurS.)
841 2231 934 2267 ornnes
956 2217 1031 2268 libri.
1067 2217 1224 2268 ‘Delendee
1247 2217 1375 2268 videntur
1397 2217 1449 2268 hoe

304 2299 403 2352 voces’
414 2301 598 2353 Lambinus
611 2303 639 2352 iu
650 2301 708 2352 ind.
719 2329 752 2338 -
763 2301 912 2368 vulgatum
925 2301 1010 2353 ‘bena
1022 2301 1116 2355 hebet.
1134 2301 1211 2354 Idem
1225 2307 1268 2353 est
1281 2295 1450 2368 etquekacrroi

304 2379 361 2453 τὴν
377 2378 545 2453 ὀλιγαρχίαν
562 2384 611 2439 noi
631 2385 807 2438 δεσποτείαν.
831 2413 865 2423 -
893 2386 989 2437 Latini
1012 2387 1116 2453 pariter
1133 2403 1236 2452 mopsus
1253 2385 1449 2440 dominationie.’

304 2472 476 2523 Reiehius.
512 2471 656 2522 ‘Pluribus
674 2471 785 2538 quidem
804 2470 838 2521 de
857 2471 947 2522 causis
965 2473 1052 2522 verba
1070 2473 1141 2523 haec
1153 2472 1218 2522 mihi
1231 2476 1364 2539 suspecta
1376 2476 1449 2524 sunt.

304 2557 424 2608 Primum
447 2555 611 2607 insolentior
633 2565 675 2607 est
696 2556 743 2606 hic
765 2571 830 2606 usus
852 2555 931 2607 vocis
955 2554 1125 2615 δεσποτείας
1149 2556 1182 2607 ds
1204 2557 1333 2621 civitate,
1361 2557 1473 2636 (111111ι

305 2647 365 2692 erat
382 2641 527 2692 Thebana.
563 2639 613 2707 [at
634 2641 759 2706 Xenoph.
778 2641 851 2691 lliet.
871 2640 968 2706 (11.1,
986 2643 1004 2691 4
1021 2642 1045 2704 ἕ.
1064 2643 1111 2694 161
1140 2632 1172 2692 la
1185 2627 1295 2700 ’πάσαις
1313 2638 1368 2708 γὰρ
1386 2644 1450 2701 ταῖς

226 2715 230 2722 ’
304 2720 404 2778 πόλεσι
422 2724 629 2778 δυναστεῖαι
647 2717 887 2790 καθειστήκεσαν,
904 2713 1015 2790 ὥςπερ
1034 2715 1070 2777 iv
1088 2720 1244 2793 Θήβαις]
1273 2727 1357 2792 Tum,
1377 2726 1449 2793 quod

304 2817 390 2878 ceput
412 2818 467 2872 est,
494 2811 580 2862 verbe
603 2825 665 2860 cum
685 2810 799 2874 reliquia
822 2809 904 2875 plene
926 2809 1004 2861 nulla
1025 2825 1096 2861 sene
1119 2815 1257 2862 structura
1280 2813 1394 2876 coduut,
1418 2817 1450 2862 ut

304 2895 377 2947 ratio
398 2895 527 2961 loquendi
551 2892 698 2945 emendata
720 2898 749 2944 et
770 2893 865 2945 Attico
892 2895 1029 2961 scriptore
1057 2894 1142 2962 digna
1166 2901 1257 2947 excat.
1297 2895 1384 2948 Nihili
1407 2902 1449 2948 est

305 2995 364 3041 ers,
389 2995 443 3046 que
464 2981 493 3030 in
516 2978 572 3030 illis
596 2977 779 3029 defendendis
803 2979 892 3030 editor
913 2983 1067 3045 postremus
1091 2981 1222 3033 abutitur.
1263 2981 1377 3032 Utinam
1399 2997 1449 3034 nos

303 3081 360 3116 uno
383 3065 477 3131 aliquo
499 3063 562 3116 loco
585 3064 725 3115 docuisset
747 3077 842 3115 socom
865 3059 954 3130 μέγας
975 3067 1079 3116 usitate
1104 3081 1165 3116 curn
1185 3047 1308 3131 genitivo
1328 3069 1449 3117 construi

303 3150 379 3201 sicut
400 3149 458 3200 elie
481 3149 622 3200 adiective
645 3149 749 3214 passim
772 3147 869 3200 solent.
897 3174 929 3186 -
956 3149 1104 3216 Adscripta
1127 3149 1154 3205 11,
1173 3150 1191 3204 l.
1212 3151 1298 3202 verba
1320 3150 1449 3200 videntur

304 3235 463 3300 explicandi
486 3250 572 3286 cause
594 3234 629 3284 ad
652 3219 693 3286 oin
714 3227 767 3300 pio
793 3223 851 3285 eutn
871 3233 906 3286 ed
933 3227 1049 3288 τούτων.
1090 3235 1185 3300 Neque
1208 3249 1327 3302 pannum
1350 3235 1449 3286 hebuit

302 3319 468 3371 scholiastes
491 3320 520 3370 in
542 3317 639 3370 codice
662 3333 726 3383 suo,
749 3317 823 3384 quod
846 3317 931 3370 facila
954 3336 989 3371 ex
1012 3321 1071 3370 sius
1094 3321 1322 3386 interpretatione
1342 3325 1447 3380 eruent,

303 3405 352 3471 qui
372 3419 470 3455 unum
492 3401 621 3455 habent.'
655 3405 705 3456 Fr.
723 3405 755 3455 11.
775 3400 930 3457 Wolfius.
975 3405 998 3454 E
1023 3401 1136 3455 scholiis
1164 3421 1224 3456 mco
1248 3404 1357 3470 quidem
1380 3421 1447 3456 neso

302 3489 374 3540 nihil
398 3489 455 3540 olet
476 3490 531 3540 nisi
553 3489 624 3555 qnod
642 3489 729 3540 verbe
745 3487 876 3554 neglecte
893 3493 969 3552 sunt,
996 3503 1066 3556 quas
1086 3488 1273 3555 explicatione
1292 3505 1374 3555 egero
1394 3505 1447 3540 non

301 3575 477 3626 videbantur.
512 3574 642 3625 Attamen
661 3575 746 3624 etiem
765 3572 917 3624 Scheefero
935 3573 1054 3624 delenda
1073 3573 1123 3624 ille
1141 3573 1282 3626 videntur:
1310 3574 1446 3625 ‘Peneum

303 3675 380 3724 esse,
399 3660 504 3725 inquit,
525 3659 612 3710 vincit
634 3658 678 3710 vel
701 3657 762 3710 sole
779 3657 953 3709 concinnitas
971 3658 1150 3710 membrorum
1168 3660 1242 3710 iuter
1259 3675 1289 3710 se
1308 3660 1448 3726 opposito·

301 3761 377 3810 rum,
399 3733 439 3796 δι’
460 3731 500 3794 nio
521 3738 575 3811 μὲν
598 3737 702 3795 ἐκεῖνοι
724 3733 843 3809 μεγάλοι
866 3738 936 3808 etot,
960 3735 1010 3794 dcci
1033 3735 1063 3795 δ’
1082 3731 1122 3795 ὦν
1145 3735 1248 3808 o'nup'
1267 3736 1338 3810 ἡμῖν
1355 3743 1447 3809 δῆμος

302 3822 470 3898 εὐδαίμων)
512 3828 637 3896 Kriigero
662 3827 731 3892 (lud.
756 3829 791 3879 nd
809 3829 922 3894 Dionys.
941 3829 1045 3882 Hister.
1064 3845 1090 3894 p.
1109 3831 1159 3881 1119
1181 3845 1203 3880 s.
1222 3844 1248 3884 v.
1268 3827 1443 3894 Auvnurelo)

301 3916 463 3969 sesmaria
485 3913 521 3965 ed
538 3916 707 3968 sententium
730 3921 759 3966 et
776 3914 902 3964 doctiora
920 3913 970 3964 ille
988 3913 1074 3966 verba
1092 3913 1221 3966 videntur
1239 3929 1319 3978 quarn
1337 3929 1386 3980 pro
1403 3915 1443 3964 in·

302 4004 532 4069 terpretemento,
560 4001 626 4065 ‘ego
651 4015 697 4061 ea,
722 4000 824 4065 inquit,
847 4001 1015 4064 epexegesis
1039 4015 1099 4050 ease
1124 3999 1243 4049 arbitror
1265 3999 1376 4050 relativi
1399 3985 1446 4062 ais,

302 4087 364 4138 eius
382 4085 513 4148 rationis,
536 4085 569 4135 de
594 4098 648 4148 quo
665 4083 720 4136 vid.
739 4085 838 4137 hletth.
860 4085 885 4146 §-
902 4084 953 4134 1711
972 4087 1000 4135 et
1017 4081 1161 4134 Heindorf.
1187 4083 1222 4133 ad
1240 4082 1313 4137 Plat.
1333 4083 1447 4148 Protag.

300 4188 328 4238 p.
346 4172 406 4223 171.
428 4197 462 4206 -
489 4170 548 4220 Nec
572 4166 725 4220 destructio
748 4167 782 4220 de
804 4169 885 4220 nnius
907 4173 1016 4219 tentum
1037 4168 1178 4220 dominatu
1196 4173 1349 4234 usurpetur.
1384 4168 1447 4222 Vid.

301 4253 363 4311 lud.
382 4254 482 4306 Graec.
505 4255 584 4305 Deru.
607 4268 629 4304 s.
647 4269 674 4304 v.
693 4246 858 4320 Acerrimas)
899 4243 1083 4317 Beuselerus,'
1103 4267 1183 4318 qucrn
1207 4254 1305 4304 rnerito
1328 4245 1449 4318 μεγάλαι
1494 4305 1496 4310 ,

301 4335 361 4393 είσί
381 4339 497 4391 offendit
518 4337 608 4403 (ilict.
627 4354 654 4404 p.
674 4341 723 4390 106
740 4336 796 4403 sq.)
820 4337 855 4388 ed
873 4337 1074 4390 defendendam
1092 4341 1257 4389 structuram
1279 4333 1368 4403 μέγας
1386 4353 1446 4388 cum

300 4425 426 4492 genitivo
450 4425 549 4474 citavit
571 4422 723 4476 Bernhard.
746 4423 823 4487 Syut.
845 4440 872 4489 p.
892 4419 940 4474 lut
957 4441 999 4489 sq.
1033 4422 1093 4488 ‘qui
1117 4427 1192 4474 certo
1220 4422 1324 4474 similes
1352 4423 1447 4474 attulit

299 4506 460 4577 genitivos)
479 4509 584 4558 -lam
603 4508 718 4575 primum
736 4508 918 4560 concinnitati
935 4515 1029 4560 oretor
1046 4521 1099 4558 non
1118 4507 1200 4558 ennio
1219 4505 1324 4570 studet,
1348 4524 1446 4574 urgere

300 4592 426 4649 malebat
443 4593 618 4645 sententium.
660 4591 714 4643 Sod
738 4594 866 4660 apposite
889 4608 950 4643 esse
974 4593 1044 4644 haec
1065 4591 1203 4644 vocabula
1222 4593 1256 4643 nd
1276 4583 1315 4644 δι’
1335 4581 1374 4646 ὧν
1392 4608 1446 4644 uon

1200 4675 1244 4740 9*
