3950 5609
562 853 689 941 πρᾶγμ’
710 854 813 924 οὐδὲν
831 865 963 943 μᾶλλον
985 862 1127 927 δύναται
1148 862 1251 945 πέρας
1272 863 1396 946 ἔχειν,9
1435 863 1508 947 (92)
1531 863 1690 947 ψηφισμά-

561 981 629 1023 των
651 956 683 1022 δ’
705 957 782 1024 οὐδ’
802 955 920 1026 ὁτιοῦν
940 963 1163 1046 διαφέρουσιν
1184 963 1220 1028 ol
1237 961 1374 1048 νόμοι,1
1401 961 1478 1028 ἀλλ’
1501 961 1690 1046 dirumpam

560 1100 633 1158 inter
646 1119 677 1158 se
692 1105 845 1161 contrariae
860 1105 935 1178 leges
951 1106 1124 1170 exstiterunt.
1141 1115 1171 1163 ut
1186 1124 1233 1163 vos
1249 1107 1375 1182 deligatis
1390 1107 1497 1182 aliquos
1514 1109 1568 1165 iarn
1586 1125 1633 1184 per
1647 1109 1691 1164 lon

560 1188 703 1260 girelmum
719 1197 835 1264 tempus.
852 1193 898 1265 qui
914 1193 1066 1248 contrarias
1081 1193 1244 1254 discernant.
1261 1199 1289 1248 et
1305 1191 1391 1249 nihilo
1408 1201 1498 1249 tamen
1514 1195 1605 1268 magia
1619 1196 1692 1249 eritas

560 1274 599 1329 rei
612 1281 706 1346 puteat
718 1277 843 1347 reperiri.
873 1275 935 1348 (92)
948 1279 1153 1352 necquicquam
1166 1278 1305 1334 nelecrctis
1318 1277 1393 1352 leges
1406 1277 1546 1342 dillerunt.
1559 1277 1607 1334 sed
1621 1279 1692 1352 leges.

559 1422 611 1474 illa
623 1427 717 1474 aetate
729 1439 791 1474 eum
802 1440 912 1488 morem,
925 1430 956 1475 ut
968 1430 1129 1477 crearentur
1141 1425 1255 1476 subinde
1270 1423 1335 1489 (non
1348 1426 1444 1489 aemel,
1457 1425 1506 1477 red
1519 1427 1645 1493 saepius)
1658 1427 1692 1492 qni

559 1507 651 1573 legum
662 1507 876 1574 recognitionem
889 1515 1012 1576 agerent.
1043 1511 1099 1560 Iam
1111 1513 1154 1562 dtu
1167 1519 1218 1570 cat.
1233 1511 1336 1575 inquit,
1349 1527 1385 1562 ex
1397 1527 1445 1578 qao
1458 1513 1521 1563 istos
1533 1527 1628 1562 creme
1638 1513 1692 1562 eote·

560 1594 602 1642 tr'a.
637 1591 765 1644 Ceterum
785 1594 1030 1646 extraordinariam
1045 1595 1132 1646 suinae
1145 1595 1221 1645 illam
1234 1597 1403 1648 curationem
1416 1600 1445 1648 et
1457 1595 1493 1647 ad
1505 1601 1617 1663 tempus
1629 1613 1691 1646 man·

561 1676 668 1741 datam,
681 1693 771 1746 perae
784 1680 855 1729 aetia
867 1678 964 1744 patet.’
982 1679 1233 1732 Schoemunnua
1246 1679 1265 1734 l.
1279 1697 1302 1732 c.
1319 1683 1374 1740 ,Ex
1386 1681 1475 1732 altero
1488 1681 1549 1732 loco
1564 1681 1600 1732 de
1612 1681 1659 1731 hac
1669 1698 1690 1732 re

561 1762 680 1814 olaaaico
692 1764 821 1815 Aeconia.
836 1764 878 1814 Ct.
892 1765 916 1826 §-
928 1767 961 1817 38
978 1769 1057 1831 patet
1069 1766 1216 1832 quotannis
1230 1771 1284 1816 tnm
1297 1765 1508 1817 Thesmothetaa
1522 1765 1559 1816 atl
1571 1765 1647 1832 leger
1658 1782 1691 1815 ae·

561 1848 713 1899 cernendae
726 1840 803 1911 (τοὺς
815 1845 1010 1916 διαλέξοντας)
1025 1855 1133 1902 creatoa
1146 1865 1206 1902 esee
1220 1855 1247 1901 et
1260 1845 1477 1914 quotiescunque
1490 1851 1534 1900 illi
1546 1853 1690 1902 conuenire

560 1932 637 1999 leger
649 1934 835 1998 inveniaaent,
853 1939 963 1986 creator
981 1951 1042 1986 erae
1056 1953 1070 1986 e
1083 1935 1220 1986 iudicibus
1233 1936 1331 1986 iuratis
1344 1937 1368 1996 ἓ.
1381 1937 1413 1988 93
1427 1935 1589 2002 (Heliaatia)
1607 1937 1688 1987 Nono·

559 2019 664 2083 thetae,
681 2019 779 2084 quibua
792 2035 837 2070 ree
849 2019 1028 2070 diiudicanda
1039 2021 1231 2071 mandabatur.
1260 2019 1302 2071 Cf.
1316 2022 1339 2083 ξ.
1353 2023 1394 2071 98.
1423 2021 1507 2080 Vide.
1521 2027 1634 2088 praeter
1644 2037 1689 2082 eoa,

560 2119 626 2169 quoa
636 2104 887 2169 Hermann.Autiq,
895 2104 973 2158 Publ.
984 2105 1009 2166 ξ.
1017 2107 1064 2156 131
1076 2107 1182 2168 citarit,
1195 2105 1432 2158 Weatermannum
1442 2106 1504 2156 Act.
1515 2105 1620 2160 Societ.
1626 2108 1690 2171 Lipa.

558 2190 573 2240 1
588 2205 615 2256 p.
628 2193 644 2241 3
655 2205 713 2255 aqq.
751 2189 794 2240 Cf.
806 2190 924 2241 Balaium
937 2187 1028 2243 Sobel.
1040 2191 1177 2256 Hypomn.
1190 2191 1227 2242 tv
1242 2207 1267 2256 p.
1280 2193 1311 2242 ³1
1325 2207 1383 2256 aqq.
1398 2191 1466 2240 etin
1479 2190 1614 2242 Mnemon.
1629 2193 1688 2246 185&

558 2277 575 2325 2
592 2291 619 2342 p.
631 2277 682 2327 208
698 2289 771 2340 sqq..
791 2276 836 2341 qui
854 2273 954 2326 docent
969 2274 1020 2324 hoc
1039 2275 1194 2325 institutum
1209 2291 1268 2325 ease
1281 2279 1344 2341 post
1356 2274 1499 2326 Euclidem
1520 2275 1580 2328 fere
1594 2275 1689 2341 Olymp.

558 2358 600 2422 94,
617 2362 642 2410 2.
677 2361 774 2425 Itaque
792 2361 848 2410 iam
865 2375 915 2426 per
931 2359 1042 2425 longum
1055 2355 1163 2425 tempus'
1174 2361 1216 2410 ita
1229 2359 1369 2426 agebatur.
1405 2359 1507 2410 Verum
1518 2360 1687 2412 nannet·

558 2442 609 2493 tina
622 2436 669 2495 tut
682 2485 689 2498 .
700 2483 706 2495 .
719 2485 726 2498 .
739 2436 841 2512 χρόνον
854 2461 913 2495 oum
926 2437 995 2504 rode
1008 2439 1193 2509 διαλέξοντας
1206 2447 1349 2495 coniunxit
1361 2461 1514 2510 perperam.
1534 2447 1595 2498 Nec
1607 2462 1686 2498 verum

558 2532 601 2578 ert
613 2522 813 2592 διαλέξαντας,
827 2529 897 2594 quod
908 2529 1040 2580 exhibent
1052 2527 1077 2596 β.
1090 2538 1108 2582 t.
1123 2529 1248 2595 maleque
1263 2547 1314 2596 ego
1332 2530 1397 2582 olim
1410 2533 1502 2597 recepi
1520 2545 1582 2582 cnm
1601 2533 1686 2598 imper·

558 2611 633 2662 lecto
646 2605 857 2679 ἒχειςοτονεῑτε.
920 2615 947 2678 9)
961 2615 1041 2681 σχεῖν
1052 2613 1156 2665 LaurS.
1169 2614 1244 2680 vulg.
1263 2641 1294 2650 -
1314 2609 1390 2682 ἔχειν
1402 2631 1434 2681 pr
1446 2615 1480 2666 Σ.
1494 2617 1585 2683 Aegl.
1597 2617 1628 2670 F.
1639 2617 1659 2668 lr.
1668 2634 1684 2664 r.

625 2691 676 2754 92.
711 2698 737 2763 1)
755 2687 823 2757 ὅςτι
906 2692 935 2750 ολ
951 2691 1034 2765 νόμοι
1053 2716 1096 2750 om
1113 2717 1134 2752 a.
1153 2698 1250 2750 Vindl.
1320 2700 1345 2763 ⁸2)
1365 2689 1435 2750 α’λλὰ
1454 2693 1588 2766 νεώτεροι
1607 2716 1684 2752 omner

557 2780 631 2831 libri.
666 2784 687 2834 1.
707 2799 731 2832 e.
755 2783 848 2835 ‘Immo
870 2787 1027 2836 recentiores
1053 2787 1132 2849 tepea,
1164 2801 1228 2852 quoe
1253 2787 1350 2835 modurn
1377 2787 1550 2853 rationemque
1572 2787 1682 2852 socieret'r

558 2867 668 2917 decretio
682 2867 875 2932 ρναοοοήδιιιιλ.
898 2876 923 2919 et
940 2871 1013 2934 iprae
1032 2886 1129 2936 quoque
1146 2886 1181 2920 ex
1198 2885 1300 2921 narrem
1317 2875 1374 2920 aaut
1392 2869 1571 2924 decretorum)
1612 2873 1678 2922 Nau·

557 2951 643 3002 nina.
683 2951 785 3002 ‘Huiua
808 2951 863 3003 loci
886 2945 983 3004 eeuanl
1006 2953 1072 3004 mihi
1093 2955 1256 3020 perspicuus
1279 2959 1307 3005 et
1326 2953 1420 3005 facilia
1435 2951 1479 3022 [l]
1499 2971 1557 3006 caea
1575 2956 1681 3008 videtur:

556 3051 640 3086 νττιαιι
656 3038 731 3088 etiam
749 3040 817 3102 tepea
834 3039 870 3088 οδ
886 3055 991 3104 quaram
1002 3042 1189 3104 praescriptum
1201 3047 1305 3090 renotare
1317 3042 1431 3090 conrado
1439 3043 1501 3104 fieri
1511 3041 1616 3102 debent,
1635 3043 1684 3106 ipris

555 3128 659 3171 renatae
675 3125 794 3173 conradis
811 3131 868 3173 aaut
885 3126 1050 3177 recentiores.
1087 3125 1164 3186 Quae
1183 3129 1225 3176 eet
1242 3125 1332 3176 altere
1351 3131 1379 3175 et
1396 3124 1477 3190 longe
1495 3127 1584 3177 maior
1601 3127 1684 3177 abeur-

557 3203 648 3259 ditaa.'
665 3207 842 3273 'I'aylorun
872 3209 972 3259 Placet
983 3209 1054 3259 lraeu
1067 3208 1217 3274 explicatio
1235 3210 1317 3260 etiam
1330 3208 1542 3260 Pnukhaenelio
1555 3212 1584 3261 in
1596 3209 1684 3262 Fleck-

556 3291 654 3342 eiaenii
676 3293 746 3344 Anu.
774 3294 848 3348 1861.
874 3295 1020 3345 Decembr.
1049 3311 1075 3360 p.
1094 3295 1153 3344 692.
1199 3293 1349 3346 ‘valebant
1373 3299 1465 3345 autem
1487 3295 1636 3360 plebiscita
1656 3293 1684 3345 ad

557 3391 658 3427 annum
680 3377 766 3430 ferme
786 3375 904 3446 [falsum
927 3378 978 3430 hoc
1004 3375 1079 3444 eet],
1109 3379 1163 3428 nisi
1186 3379 1258 3430 inter
1275 3377 1352 3445 leges
1370 3379 1590 3445 recipiebantur,
1617 3381 1685 3446 leges

557 3465 648 3512 autern
666 3463 721 3513 vim
738 3469 901 3530 perpetuam
912 3463 1063 3515 habebant.
1100 3465 1159 3514 Non
1172 3463 1266 3528 video,
1286 3479 1333 3514 cur
1345 3465 1451 3529 optima
1463 3468 1605 3518 eontentio
1615 3467 1683 3532 iugu-

555 3545 645 3596 letur!
664 3547 831 3604 Beialriue.
867 3549 950 3599 ‘Tum
969 3539 1124 3600 oddorrodv
1141 3543 1331 3614 διαφέρουσιν
1348 3543 1379 3601 ολ
1394 3543 1476 3615 νόμοι
1492 3543 1684 3618 ψηφισμάτων,

557 3631 665 3698 quando
689 3632 757 3684 adeo
779 3634 938 3700 frequenter
959 3634 1038 3700 legen
1055 3650 1143 3684 novae
1162 3639 1307 3699 rogantur.
1330 3639 1439 3686 veteres
1462 3636 1641 3702 abrogentur,
1660 3641 1685 3683 nt

557 3733 651 3768 earum
668 3718 812 3786 imperium
830 3735 885 3771 non
907 3719 1099 3770 diuturnius
1123 3719 1161 3769 ait
1183 3735 1265 3784 quam
1282 3719 1505 3786 psephismatum.
1542 3721 1683 3781 Haeccine.

557 3817 627 3868 quae
644 3819 699 3852 non
717 3805 758 3856 ita
776 3804 875 3855 abdita
893 3810 969 3868 aunt,
988 3803 1147 3864 nonnullos.
1171 3805 1199 3854 in
1217 3805 1261 3855 hie
1278 3805 1441 3871 Taylorum,
1463 3805 1557 3857 ridere
1575 3821 1626 3858 non
1643 3821 1682 3871 po·

556 3885 677 3938 tuiaae?'
695 3889 746 3940 Fr.
759 3889 790 3939 Α.
804 3889 957 3941 Wolfiua.
994 3893 1030 3941 At
1048 3881 1178 3954 νεώτεροι
1198 3905 1251 3941 non
1271 3893 1314 3940 eet
1331 3889 1348 3940 i.
1362 3907 1387 3955 q.
1401 3907 1450 3940 οοιι
1467 3891 1643 3943 diuturniores.
1655 3915 1682 3924 -

555 3973 709 4025 ‘Articulua
735 3973 843 4028 videtur
870 3975 1003 4027 delendae
1026 3991 1095 4028 erae.
1132 3990 1186 4026 non
1209 3975 1280 4026 enim
1303 3975 1354 4026 boo
1376 3975 1499 4026 dicturus
1522 3981 1565 4028 eat
1587 3981 1682 4028 orator:

556 4075 604 4111 aar
622 4060 709 4126 leges,
728 4059 764 4110 ad
782 4073 894 4125 quarum
913 4063 1111 4127 praeacriptum
1131 4065 1245 4111 uenatus
1263 4059 1388 4111 consulta
1401 4061 1485 4112 acribi
1498 4061 1626 4123 debeant,
1645 4075 1682 4109 re·

555 4145 693 4196 centiorea
717 4161 777 4196 aare
799 4145 843 4196 bie
865 4147 934 4212 ipaia
958 4151 1071 4198 senatus
1090 4146 1233 4198 consultio.
1262 4145 1313 4196 hoo
1333 4148 1404 4196 enirn
1422 4145 1481 4197 lieri
1499 4147 1600 4210 nequit.
1633 4142 1681 4193 Sed

556 4242 638 4292 quum
656 4230 694 4280 eit
711 4231 930 4296 vituperaturos,
953 4232 1025 4298 quod
1043 4231 1123 4298 leges
1142 4237 1197 4282 tam
1217 4247 1301 4297 saepe
1320 4235 1451 4296 rogentur
1470 4235 1497 4282 et
1515 4231 1680 4296 abrogentur,

554 4311 607 4364 boc
624 4313 706 4364 dicit:
724 4329 785 4366 aeae
804 4317 873 4368 adeo
891 4317 969 4383 leger
987 4321 1099 4368 renatae
1118 4316 1251 4367 consultis
1269 4317 1390 4367 iuniores
1409 4319 1540 4368 ettamen
1553 4313 1679 4378 adlegatu

553 4413 687 4463 normam,
701 4402 767 4464 quia
778 4404 835 4453 aiut
846 4402 971 4465 stabiles,
984 4402 1099 4454 decreta
1112 4418 1173 4454 aare
1188 4400 1325 4455 facienda,
1349 4401 1380 4452 Id
1393 4405 1485 4451 autern
1498 4417 1577 4469 quum
1589 4397 1679 4449 nonde

554 4485 679 4536 omnibus
697 4486 808 4553 legibue
825 4490 914 4555 posuit
929 4487 1000 4549 diei,
1020 4491 1122 4540 rectius
1135 4489 1282 4551 articulus,
1302 4488 1349 4553 qui
1361 4487 1445 4538 facile
1459 4503 1492 4538 ex
1505 4483 1677 4552 praecedente

553 4571 662 4636 ayllaba
678 4579 787 4638 poterat
802 4576 881 4637 oriri,
900 4575 997 4628 aberit.
1030 4576 1176 4625 Sententia
1188 4573 1242 4625 loci
1255 4573 1321 4624 erit:
1343 4575 1403 4625 Von
1416 4573 1468 4623 den
1481 4572 1676 4632 rerordnungen

553 4657 763 4710 unteraeheiden
775 4661 835 4711 ricla
848 4661 915 4710 uber
927 4661 971 4710 die
984 4665 1095 4726 geaetae
1109 4677 1159 4726 par
1171 4661 1248 4712 niolrt
1260 4658 1348 4720 melu,
1368 4659 1484 4709 eundern
1497 4660 1539 4708 ilrr
1550 4653 1675 4717 babtjiin·

565 584 626 648 110
807 607 1029 654 nnnoaruuurs
1046 613 1096 656 oa.
1114 613 1277 657 envnasus
1292 613 1459 656 naerrnnn.

501 768 553 818 485
562 754 773 832 διαλέξοντας
786 754 867 834 τούς
882 758 1059 837 ἐναντίους
1081 759 1136 828 ἐπὶ
1150 758 1332 845 πάμπολυν
1352 757 1416 845 ἤδη
1432 759 1579 844 χρόνον,
1599 757 1689 824 καὶτὸ
