3950 5609
544 552 604 615 tot
788 572 1009 614 uenosrnents
1023 572 1074 620 on.
1090 573 1255 616 novensus
1272 571 1440 619 cassinen.

541 720 698 805 ποιῆσαι4
713 719 844 785 τούτων
858 715 952 796 τινὰς
966 721 1035 784 τῶν
1051 716 1248 806 εὑρημένων
1263 716 1325 805 τὴν
1340 717 1512 803 ἀτέλειαν,
1528 714 1602 794 οὓς)
1617 722 1684 782 νῦν

517 813 639 886 socient
659 820 886 907 μεμφόμενοι,
912 819 1040 898 πάντας
1066 819 1288 906 ἀφαιρεῖσθαι
1308 817 1544 889 κελεύουσιν
1528 823 1662 904 ομοίως·
1656 820 1685 860 ‘⁶

542 921 605 989 οὐκ
635 921 678 988 ἀν
708 922 856 990 ἐδώκατε
883 923 1012 1007 ταύτην
1041 919 1132 1010 stirpi
1160 921 1223 1008 τὴν
1252 923 1366 1008 χάριν,
1397 921 1499 1007 ἔγωγ’
1528 919 1685 1006 ἡγοῦμαι.

542 1026 615 1113 (86)
640 1015 766 1092 εἶθ’
729 1049 781 1102 οις
801 1022 846 1090 δι’
865 1021 1046 1091 ἐκεῖνον
1022 1049 1068 1090 αν
1082 1023 1341 1092 condelectare
1357 1021 1593 1110 despenv,²tlto
1606 1047 1687 1088 του

542 1151 622 1205 τους
636 1132 704 1192 νῦν
719 1123 826 1192 αὐτὸν
842 1127 976 1192 ἐκεῖνον
992 1123 1225 1213 ἀφαιρήσεσθε
1240 1125 1302 1213 τὴν
1318 1124 1487 1206 ἀτέλειανς
1502 1123 1592 1192 ’ἀλλ’
1606 1123 1688 1193 ἀλο-

545 1341 694 1398 siccisne
709 1355 790 1397 eausa
804 1339 1001 1398 beneiwnetis
1016 1333 1152 1414 aliquibus
1167 1357 1200 1398 ex
1212 1342 1256 1404 iis.
1272 1343 1318 1416 qni
1334 1341 1531 1397 inmunitatem
1548 1341 1691 1396 consecuti

545 1434 618 1489 snnt.
634 1441 705 1499 qnos
720 1424 847 1499 singulos
862 1442 935 1482 nnuc
947 1427 993 1482 isti
1005 1425 1233 1500 reprehendentes
1244 1426 1389 1482 omnibns
1382 1427 1581 1482 rmmnnitstens
1595 1423 1691 1482 iubent

546 1511 617 1584 eripi
630 1511 756 1575 omniurn
773 1527 863 1568 nonne
875 1510 937 1566 illi'
930 1528 957 1566 tn
972 1528 1006 1567 eo
1021 1509 1167 1584 gratificati
1182 1513 1297 1568 essetis?
1326 1511 1384 1584 Ego
1400 1510 1508 1585 quidem
1524 1511 1552 1566 id
1563 1509 1690 1568 arbitror.

548 1592 608 1672 (86)
630 1593 730 1668 quibus
758 1595 844 1670 igitur
865 1604 979 1670 propter
1001 1597 1089 1669 ipsurn
1112 1596 1212 1653 rlonnm
1233 1595 1393 1658 dedissetis
1414 1605 1531 1670 propter
1551 1613 1599 1652 eos
1619 1614 1691 1652 nnnc

546 1683 636 1755 ipsum
655 1677 732 1736 illurn
753 1680 921 1736 immunitate
941 1679 1113 1755 spoliabitis?
1147 1679 1293 1738 obsurdum
1314 1682 1410 1738 idest.
1446 1696 1536 1756 neque
1557 1682 1627 1738 euim
1643 1699 1690 1736 vos

546 1899 667 1952 usk.-
696 1913 785 1950 nvrov
803 1897 837 1948 Σ.
861 1923 892 1934 -
919 1889 1010 1951 αὑτὸν
1032 1899 1148 1951 Moretc.
1172 1897 1269 1949 Vindl.
1310 1897 1372 1950 Vid.
1396 1897 1531 1948 Weileert.
1561 1898 1605 1948 De
1627 1897 1690 1948 Pro

546 2001 617 2036 notn.
636 1974 778 2036 ΑὖτοῦΡ.
796 1982 868 2048 IIp.
886 1984 915 2034 9.
981 1982 1009 2044 4)
1029 1973 1182 2048 εὖαοιῆσαι
1200 1983 1316 2033 iunctim
1333 1980 1373 2036 Ω.
1442 1978 1538 2045 blaesi
1557 1973 1600 2032 δι’
1619 1973 1689 2033 ἐκεῖ·

547 2086 623 2122 vos.
654 2084 753 2129 ..ους
769 2074 850 2118 emt.
885 2068 1009 2118 Etiam'
1002 2083 1031 2117 ru
1049 2067 1077 2119 Π
1095 2067 1164 2120 duos
1187 2083 1285 2118 versus
1308 2068 1423 2118 omissos
1441 2067 1580 2116 recentior
1598 2082 1691 2116 manns

545 2157 575 2206 in
600 2155 658 2205 ima
684 2170 733 2206 ora
758 2151 907 2220 supplevit.
976 2152 1003 2216 6)
1027 2143 1190 2213 πάντας..
1202 2145 1343 2218 ,ὁμοίως
1370 2149 1529 2218 ‘copulavit
1552 2151 1690 2206 Reiskius

545 2238 615 2306 quod
639 2239 710 2289 alibi
733 2237 842 2304 quidem
863 2237 908 2301 fit,
931 2252 1005 2288 nuuc
1023 2238 1137 2290 verbnm
1154 2229 1259 2305 ὁμοίως
1277 2237 1459 2289 sententiae
1452 2239 1539 2303 ipsius
1560 2236 1691 2288 clarete·

545 2340 610 2374 nore
629 2322 665 2375 ad
682 2323 830 2390 sequeutia
847 2322 975 2373 trahitur.
1010 2337 1063 2374 nee
1082 2322 1164 2374 aliter
1182 2323 1246 2374 edd.
1264 2320 1394 2374 ceterae.’
1413 2323 1463 2373 Fr.
1482 2323 1516 2374 A.
1536 2321 1690 2376 Woltins.

545 2402 678 2473 “Opoine
696 2422 757 2459 cnm
775 2406 891 2458 Reiaisio
909 2407 1141 2458 antecedentibus
1159 2409 1250 2458 iunxit
1267 2407 1388 2459 Belsker.
1424 2409 1566 2472 Kriigerna
1578 2407 1689 2472 Dionys

545 2494 651 2546 Hister
669 2509 695 2558 p.
713 2494 764 2544 2⁶9
782 2508 823 2558 sq.
842 2507 897 2542 uou
914 2493 1029 2543 multum
1047 2492 1146 2544 abesse
1165 2495 1219 2556 ait,
1239 2493 1304 2559 quiu
1322 2496 1419 2543 contre
1437 2492 1567 2543 Wolfiutu
1586 2491 1691 2543 Reiskii

546 2578 714 2629 senteutiam
738 2577 925 2644 amplectatur
946 2569 1052 2642 ὁμοίως
1076 2593 1136 2628 eum
1161 2567 1273 2639 αάντας
1300 2577 1448 2644 iuugentia.
1492 2577 1563 2628 Mihi
1586 2593 1690 2644 quoque

547 2665 618 2715 baec
636 2663 824 2729 interpunctio
842 2661 924 2712 unice
942 2659 1093 2728 probatur.'
1125 2661 1343 2714 Schaeierus.

612 2743 664 2804 86.
699 2745 724 2812 1)
743 2737 802 2799 τότ’
822 2761 864 2796 orn
876 2745 937 2799 Ald
950 2747 1069 2796 bion-
1035 2733 1125 2798 -ἀν
1142 2738 1202 2798 τότ’
1221 2747 1249 2799 Σ
1266 2745 1324 2813 (qui
1343 2747 1383 2798 sic
1401 2739 1464 2798 ἴστε
1482 2740 1520 2800 ἀν
1538 2747 1663 2800 ordine·
1656 2764 1691 2798 ns·

545 2848 627 2885 verso
651 2837 679 2883 et
700 2831 851 2896 restituto).
873 2830 1013 2898 vulg.—
1042 2826 1106 2883 τότε
1131 2819 1170 2884 ἀν
1191 2832 1293 2883 LaurS.
1372 2831 1399 2898 2)
1423 2847 1477 2898 την
1500 2829 1614 2900 δωρεὰν
1637 2849 1691 2885 corr

546 2917 642 2968 Laan
661 2915 746 2982 (inter
763 2916 804 2966 lin
821 2919 897 2980 ree).
907 2915 1028 2982 vulg.—
997 2915 1195 2968 ——artieulum
1214 2931 1257 2978 om
1276 2917 1311 2968 Σ.
1329 2914 1534 2984 prnsurust.
1555 2917 1691 2984 unugt.

546 3003 573 3056 λ.
586 3019 610 3055 r.
627 3001 725 3055 vinde.
739 3001 776 3053 Π.
790 3001 857 3055 Mel.
893 2996 946 3050 “lt
961 2996 1066 3066 δωρεὰ,
1084 3003 1125 3052 sic
1144 3002 1248 3053 diserte
1266 3003 1419 3068 oppositum
1437 2999 1473 3067 τῇ
1491 2991 1622 3068 ἀτελείᾳ,
1642 3019 1692 3054 nou

548 3088 631 3137 aliter
652 3087 773 3154 intelligi
795 3091 888 3152 potest
910 3100 992 3150 quarn
1015 3087 1048 3137 do
1071 3087 1208 3138 universis
1231 3086 1371 3138 ChabrIae
1393 3087 1555 3150 honoribus,
1581 3103 1692 3154 quorum

547 3188 612 3238 prora
635 3165 748 3221 esset
731 3189 750 3237 η
774 3161 897 3224 ἀτέλεια,
934 3170 996 3224 vid.
1015 3185 1042 3236 p.
1061 3173 1123 3233 501,
1144 3174 1185 3224 29.
1227 3172 1306 3234 Quod
1330 3177 1387 3224 turn
1410 3171 1555 3223 absurdum
1580 3177 1638 3235 est,
1665 3176 1693 3222 nt

548 3248 693 3308 scilieet
680 3274 696 3308 o
720 3255 803 3308 dervo
825 3261 855 3307 et
877 3249 893 3308 ὁ
917 3254 1004 3307 δεῖνα
1028 3255 1175 3307 Chabriam
1198 3256 1347 3308 honoribus
1370 3262 1533 3323 aequarent,
1558 3262 1616 3308 tum
1639 3257 1693 3309 loci

547 3357 631 3440 coppo
654 3346 799 3408 repugnat.
824 3344 916 3407 agitur
938 3340 1011 3391 enim
1036 3340 1069 3390 de
1090 3357 1122 3391 eo
1141 3341 1211 3406 quod
1230 3343 1291 3408 quis
1310 3341 1433 3394 dedisset
1451 3341 1610 3404 adimeu603
1641 3357 1692 3394 ons

548 3419 647 3484 αυτοῖς
664 3418 789 3477 ἐδώκατε
808 3430 862 3479 ete.
897 3427 950 3476 Pro
968 3417 1059 3477 αάτόν
1077 3427 1163 3492 igitur
1180 3426 1245 3492 lege
1264 3418 1357 3493 αὐτὴν
1370 3431 1399 3478 et
1412 3426 1472 3479 dele
1486 3422 1539 3494 τὴν
1551 3416 1691 3480 ἀτέλειαν.

549 3527 602 3576 qno
625 3511 704 3562 modo
727 3511 889 3561 concinnior
912 3515 956 3561 est
973 3509 1134 3574 antithesis,
1156 3515 1230 3577 utp.
1249 3514 1314 3577 497,
1334 3515 1365 3563 15
1384 3517 1438 3564 etc.
1473 3504 1660 3579 timrei:
1624 3505 1691 3576 ..ἡ

549 3588 786 3662 ἀτλλειαρ.,467
807 3599 846 3649 11.
874 3599 984 3662 ρ.469,
1005 3598 1034 3646 11
1060 3599 1147 3648 et13
1164 3597 1272 3692 pili,
1293 3599 1316 3648 7.
1344 3597 1452 3663 ρ.,486
1471 3597 1513 3650 ts.
1540 3597 1652 3662 ρ488
1672 3599 1693 3650 l

549 3681 604 3732 Sed
621 3695 704 3745 quum
722 3682 840 3747 optimus
863 3681 948 3732 codex
966 3681 996 3732 Σ
1011 3681 1122 3733 omittat
1139 3674 1192 3746 τὴν
1212 3687 1276 3732 ante
1301 3675 1427 3747 duperia,
1453 3683 1572 3733 fortasse
1597 3681 1693 3733 deletis

549 3759 602 3833 τὴν
619 3756 751 3818 ἀτέλειαν
769 3769 865 3816 cetera
882 3766 1029 3820 servanda.
1066 3766 1119 3818 Sed
1138 3769 1279 3864 argutius:
1304 3769 1329 3817 ei
1347 3773 1376 3818 et
1392 3763 1447 3833 τήν
1466 3758 1579 3830 δωρεὰν
1598 3771 1627 3817 ct
1644 3759 1694 3831 τὴν

548 3843 683 3902 ἀτέλειαν
706 3850 797 3904 tollas.
832 3851 927 3916 Neque
945 3852 1123 3903 Accusativis
1145 3867 1226 3919 opus:
1255 3843 1384 3918 ἀφαιροῦ
1407 3867 1433 3918 p
1449 3853 1514 3916 494,
1534 3849 1589 3907 18.’
1628 3852 1691 3902 Do-

550 3938 681 3987 braeus.
710 3935 1070 3989 Ataententratotsueloei
1088 3937 1159 3988 haee
1178 3943 1232 3989 est:
1252 3936 1282 3987 Si
1300 3939 1448 4002 intereos,
1469 3937 1568 4003 quibus
1586 3942 1694 4003 propter

549 4022 718 4087 Iphicraten
736 4026 765 4071 et
777 4021 948 4073 Timotheum
966 4023 1167 4074 immunitatem
1186 4023 1309 4073 donastis
1328 4029 1356 4074 et
1375 4038 1487 4088 qnorum
1500 4021 1607 4088 aliquos
1620 4022 1691 4084 (nam

550 4123 601 4166 our
618 4107 641 4167 6
659 4108 693 4157 86
715 4106 890 4157 referendum
908 4112 951 4158 eat
969 4106 1004 4157 ad
1023 4123 1213 4174 praegressum
1231 4099 1323 4174 τινάς)
1341 4108 1476 4175 Leptines
1494 4109 1609 4174 eiusque
1628 4105 1694 4158 socii

540 4182 792 4256 'reprehendendos
811 4207 872 4242 esse
890 4197 1017 4256 censent,
1037 4199 1132 4244 esseut
1150 4194 1234 4245 etiam
1254 4209 1271 4243 a
1284 4191 1406 4244 Chabria
1424 4191 1549 4243 adhunc
1567 4193 1693 4244 honorem

550 4276 747 4340 commendati,
771 4277 912 4327 amitteret
930 4277 1065 4328 Chabrias
1089 4274 1171 4341 (tuno
1189 4277 1355 4341 filiuseius)
1377 4283 1490 4344 propter
1507 4277 1574 4340 bos,
1598 4277 1692 4342 quibus

549 4367 661 4428 propter
678 4361 755 4412 illum
773 4361 873 4414 donum
891 4363 1004 4427 aliquod
1020 4363 1169 4414 dedissetis
1187 4352 1280 4427 (osc
1261 4379 1297 4414 ατ
1316 4355 1442 4415 ἐδώκατε
1460 4354 1598 4428 δωρεάν),
1620 4377 1692 4412 suam

551 4448 639 4512 ipsius
667 4449 886 4511 immunitatem,
917 4463 997 4513 quum
1025 4463 1120 4499 omnes
1147 4451 1270 4512 omnino,
1300 4449 1366 4500 iusti
1391 4449 1500 4508 iniusti,
1530 4448 1596 4499 boni
1621 4445 1691 4507 mali,

551 4535 662 4598 propter
679 4531 742 4582 illos
760 4533 886 4599 singulos
903 4532 1144 4599 reprehendendos
1163 4535 1200 4598 (6.
1176 4532 1248 4597 76)
1267 4533 1439 4586 immunitate
1458 4533 1607 4585 seeundum
1625 4532 1691 4582 bano

550 4617 641 4683 legem
658 4617 810 4682 priventur.
