3950 5609
530 542 750 587 nsuosrucurs
767 544 817 585 on.
834 540 996 587 usvenans
1012 544 1180 586 rmrrmsu.
1383 520 1423 585 67

275 706 489 792 Ἐπικέρδης,
506 690 665 791 duqao'aa’
683 707 720 773 ἐκ
736 712 804 773 τῶν
820 708 1062 793 ψηφισμάτων,
1079 698 1106 773 ol
1122 705 1244 791 ἄνδρες
1259 707 1424 771 δικασταί.

280 818 438 874 σκοπεῖτε
467 808 504 874 δὲ
531 807 574 894 με)
598 814 714 891 τοῦτο,
740 810 770 875 εἰ
788 814 873 894 μνᾶς
894 807 1015 875 ἑκατὸν
1037 810 1094 873 καὶ
1114 808 1217 874 πάλιν
1237 807 1426 874 ταὶλαντον3

282 912 411 976 ἔδωκεν
441 906 536 995 (οὐδὲ
562 908 627 995 γὰρ
655 908 734 989 τοὺς
760 910 925 995 λαβόντας
952 909 1053 995 ἔγωγ’
1083 908 1249 996 ἡγοῦμαι4
1275 908 1313 975 τό
1339 914 1424 995 πλῆ-

281 1022 343 1090 θος
363 1016 435 1079 τῶν
457 1012 634 1097 χρημάτων
654 1012 862 1101 θαυμάσαι),
884 1012 969 1079 ἄλλο)
991 1011 1054 1098 τὴν
1074 1016 1271 1097 προθυμίαν
1292 1012 1347 1077 καὶ
1368 1009 1426 1077 τὸ·ἦ

282 1112 388 1181 αὐτὸν
426 1114 711 1201 ἐπαγγειλάμενον
747 1126 875 1199 ποιεῖν,
911 1114 967 1181 καλ
1001 1112 1081 1193 τούς
1110 1113 1251 1199 καιρούς
1290 1116 1328 1180 ἐν
1363 1104 1424 1209 οἷς.
1435 1128 1484 1178 471

281 1345 400 1406 iudices,
417 1342 566 1403 audivistis.
597 1345 644 1401 sed
660 1362 694 1401 ne
710 1328 736 1401 id
752 1352 888 1419 spectato.
905 1345 977 1419 quod
993 1352 1102 1402 ceritum
1118 1346 1213 1407 urinas,
1229 1344 1326 1401 deiude
1342 1344 1427 1399 islen-

282 1442 337 1487 tum
353 1430 430 1487 dedit
445 1428 544 1503 (neque
559 1431 629 1485 sirim
646 1446 703 1492 cos,
719 1422 765 1504 qui
781 1439 959 1504 occeperunt.
976 1431 1107 1503 pecuniae
1123 1446 1263 1486 numerum
1279 1430 1427 1486 admiratos

283 1534 340 1572 osse
357 1514 504 1587 arbitror).
521 1515 572 1573 sed
585 1516 636 1571 hoc
649 1521 789 1588 speciale,
812 1516 885 1591 quod
901 1515 982 1573 alacri
999 1517 1088 1571 animo
1104 1523 1130 1571 ct
1148 1515 1221 1589 quod
1236 1532 1290 1572 uon
1313 1523 1427 1588 rogatus

286 1709 486 1717 -ω-ω--ω-

281 1812 391 1869 nitatis.
412 1814 460 1865 illo
479 1831 544 1867 vcro
562 1808 647 1867 hohos
666 1818 690 1867 ci
710 1818 764 1867 iam
784 1818 817 1868 ob
837 1818 901 1869 illas
919 1822 1027 1869 eentum
1046 1818 1135 1869 minos
1150 1818 1242 1869 luerut
1255 1818 1343 1867 slatus.
1373 1817 1428 1867 Ant

281 1898 304 1945 si
327 1896 503 1964 ψηφίσματα
527 1916 682 1965 servamus,
709 1904 754 1953 cui
773 1908 903 1968 quantum
928 1904 965 1954 sit
988 1904 1016 1954 iu
1039 1903 1218 1968 sequentihus
1241 1896 1273 1953 ἐκ
1295 1899 1350 1951 τῶν
1370 1910 1427 1966 ψη-

282 1976 432 2047 φισμάτων
452 1986 634 2051 praesidium,
658 2002 699 2037 me
723 2003 777 2039 uon
800 1989 886 2053 fugit,
909 1987 1053 2053 legendum
1077 1988 1115 2037 sit
1133 1986 1215 2052 paulo
1234 1992 1299 2037 ante
1317 1978 1351 2036 rol
1370 1984 1428 2036 τοί-

283 2082 337 2117 νυν
354 2067 529 2133 oppresses
546 2063 615 2136 ὑμῖν
633 2060 708 2123 αὖτέ
725 2064 923 2138 οἷναγνῶσεται
940 2064 976 2123 τοὶ
995 2064 1058 2123 τότε
1076 2065 1266 2139 ψηφισθέντα
1283 2067 1321 2136 τῷ
1333 2063 1428 2134 ἀνδρί.

286 2147 348 2216 [Sic
372 2154 625 2221 Angeruequoqns
650 2156 795 2223 coniecit!
836 2158 922 2224 Optet
945 2157 1015 2223 quod
1039 2158 1153 2222 quisque
1176 2156 1258 2207 volet.
1292 2154 1426 2221 pluralem

282 2236 324 2285 nic
349 2238 543 2303 praeterimus,
573 2242 662 2291 altero
685 2241 794 2293 decreto
818 2242 884 2293 dota
907 2242 961 2293 luit
982 2241 1115 2307 Epicerdi
1133 2241 1307 2303 immunitas,
1338 2240 1427 2291 altero

282 2323 391 2387 gratiae
412 2324 437 2373 ei
456 2323 489 2373 ds
509 2325 614 2377 talento
633 2327 734 2377 donato
754 2324 854 2380 actas!
881 2326 1053 2377 Reiskius.
1091 2325 1246 2377 ‘Audacius
1265 2327 1348 2375 ctiam
1368 2331 1424 2376 ter-

282 2408 321 2457 tui
344 2406 514 2473 singularem
537 2410 643 2473 intulit,
667 2427 746 2477 quem
771 2427 889 2462 errorem
913 2416 1007 2463 orator
1028 2411 1087 2476 ipsc
1114 2411 1207 2462 verbis
1229 2402 1373 2475 οἷαιριόατε
1395 2402 1426 2461 {a

285 2490 336 2542 τῶν
358 2486 554 2558 ψηφισμάτων
578 2496 617 2545 its
640 2498 732 2561 argrrit
756 2502 784 2547 st
807 2497 960 2555 convincit,
987 2495 1057 2546 nihil
1080 2502 1111 2546 ut
1132 2500 1229 2545 eontra
1251 2494 1308 2545 dici
1331 2496 1448 2562 possin

287 2577 340 2627 Nee
367 2580 395 2627 in
426 2579 482 2629 illis
505 2581 642 2645 prioribus
666 2582 812 2631 mutationi
835 2580 978 2646 quidquam
1002 2580 1135 2647 praesidii
1160 2587 1213 2634 est.
1247 2597 1317 2645 qnne
1341 2581 1426 2632 verlm

286 2664 336 2713 etsi
360 2679 444 2713 unum
467 2670 573 2715 tantum
598 2665 754 2731 psephisma
776 2648 925 2733 designant
947 2665 1015 2715 illud
1038 2665 1109 2731 qnod
1132 2682 1158 2731 p.
1177 2667 1241 2729 469,
1260 2668 1293 2715 22
1319 2663 1425 2733 [5421

283 2754 377 2798 orator
400 2750 577 2813 monstravit,
601 2750 628 2803 h.
647 2766 671 2801 c.
690 2752 862 2816 primarium,
887 2767 938 2817 quo
957 2751 1088 2817 Epicerdi
1110 2755 1173 2816 post
1195 2752 1309 2816 primum
1334 2752 1369 2800 nb
1395 2768 1427 2800 eo

283 2833 309 2881 in
334 2850 396 2899 pop.
413 2833 513 2887 Athen.
538 2834 700 2885 beneficium
724 2836 854 2887 collatum
884 2838 1041 2887 immunitas
1063 2835 1175 2886 decreta
1198 2836 1297 2890 ineest.
1333 2836 1370 2885 Aa
1393 2852 1427 2885 ea

282 2916 350 2967 nihil
375 2918 542 2983 impediunt,
571 2934 624 2983 quo
653 2921 741 2971 minus
764 2937 836 2971 nuuc
860 2920 919 2971 clia
947 2921 1138 2987 psephismata
1160 2920 1241 2985 pluro
1264 2919 1357 2970 afferri
1380 2935 1426 2986 po·

283 3004 395 3053 tuerint.
430 3004 520 3069 Atque
539 3004 591 3054 huc
610 3005 712 3057 ducunt
735 3006 818 3071 plane
841 3008 927 3057 verba
949 3002 1000 3065 τὰς
1020 3001 1191 3069 εὐεργεσίας.
1228 3006 1336 3071 Quippe
1359 3004 1427 3055 illud

282 3087 441 3152 primariam
460 3087 599 3140 decretum
619 3090 653 3139 ad
671 3106 753 3141 unum
772 3092 847 3157 prius
869 3091 1033 3143 beneficium
1056 3095 1199 3156 spectasse
1223 3090 1311 3141 videri
1334 3090 1425 3142 debet.

281 3173 358 3223 Adeo
386 3172 455 3223 nihil
483 3174 654 3238 probabilius
683 3180 725 3225 est
758 3191 839 3241 quam
866 3174 995 3241 Epioerdi
1027 3175 1188 3240 posterioris
1220 3176 1312 3224 meriti
1340 3188 1426 3224 causa
1456 3158 1460 3165 ⁵

283 3274 353 3308 novo
372 3257 484 3307 decreto
503 3259 609 3323 gratias
629 3264 706 3309 actos
725 3260 978 3325 immunitatemque
997 3258 1086 3309 denuo
1105 3264 1194 3309 ratum
1212 3258 1351 3322 habitam,
1373 3258 1426 3308 for-

283 3358 331 3396 san
350 3357 451 3393 novum
470 3344 621 3408 praemium
640 3344 751 3409 aliquod
771 3345 892 3397 additum
911 3342 1018 3398 luisse)
1038 3344 1060 3394 l*
1069 3360 1089 3394 r.
1103 3345 1135 3394 Α.
1148 3342 1239 3394 Woli
1244 3344 1304 3394 ius.
1332 3343 1426 3393 ‘Hunc

283 3426 498 3493 disputationem
521 3429 581 3492 quis
604 3444 658 3480 non
681 3431 794 3496 probet?
830 3430 888 3480 Nec
909 3434 1002 3480 temon
1024 3434 1171 3495 propterea
1189 3427 1279 3478 dicam
1297 3428 1427 3479 Wollium

281 3511 464 3577 singularem.
489 3512 572 3563 etism
597 3530 613 3563 a
631 3514 760 3567 ssekksro
779 3520 930 3574 servatum,
954 3519 1032 3564 recto
1054 3519 1175 3563 mutasse
1199 3512 1310 3579 plurali.
1345 3529 1426 3579 quum

282 3598 356 3647 enim
379 3602 473 3647 orator
495 3598 682 3649 tautummodo
707 3616 788 3651 tiniam
806 3599 964 3665 psephisma
982 3598 1098 3648 recitari
1116 3599 1242 3661 iusserit,
1266 3612 1320 3647 non
1338 3599 1428 3664 potuit

279 3683 360 3747 sequi
379 3681 476 3731 titulus
494 3682 678 3749 ψηφίσματα.
715 3686 786 3747 Quid
808 3685 893 3751 igitur
919 3684 1066 3746 iaciemus,
1090 3688 1122 3733 ut
1144 3682 1219 3733 loeus
1238 3698 1299 3732 cum
1317 3698 1347 3732 se
1366 3684 1426 3749 ipso

280 3769 352 3817 satis
371 3768 537 3817 concordet?
572 3770 702 3835 Suspicor
720 3768 850 3821 nonnulla
869 3767 1005 3819 excidisse
1023 3768 1082 3818 scre
1101 3768 1141 3818 sie
1160 3766 1325 3834 supplenda:
1346 3754 1427 3832 λέγε.

283 3850 480 3907 nummu.
511 3847 641 3918 λέγεγαλ
660 3853 739 3909 cnoel
759 3848 789 3907 τὸ
808 3849 955 3919 ψήφισμα.
989 3851 1184 3904 ΨΗΦΙΣΜΑ.
1223 3846 1353 3916 Τὰςμέν
1372 3858 1425 3903 etc.

280 3938 376 3989 Causa
395 3937 522 3989 deiectus
541 3945 596 3989 tam
615 3940 764 3991 msuiiests
782 3944 838 4003 cst,
857 3944 887 3990 ut
905 3940 1024 3990 iudicari
1043 3955 1096 3989 non
1115 3936 1231 4005 poscat.¹
1262 3937 1390 3987 Schoei
1394 3954 1426 3987 e·

279 4038 346 4073 rus.
383 4022 475 4072 Etiam
494 4023 721 4076 Westermanuus
739 4026 816 4075 Dicr.
836 4024 928 4090 Autiq.
947 4024 964 4075 l.
986 4041 1010 4079 c.
1034 4040 1060 4089 p.
1078 4024 1128 4073 585
1152 4022 1302 4073 Selraeiero
1327 4021 1426 4072 asloen-

280 4110 359 4158 tiiur.
395 4107 493 4158 merito
518 4106 552 4159 de
581 4108 729 4175 singulari,
758 4109 864 4174 reliqua
888 4110 1049 4161 coniectura
1074 4123 1147 4157 vana
1175 4113 1226 4159 est.
1267 4108 1425 4167 Decretum,

281 4192 315 4243 dc
336 4208 390 4257 quo
409 4192 433 4253 §-
451 4194 484 4243 44
503 4198 558 4243 not.
577 4196 605 4257 ὃ,
627 4210 687 4245 cum
707 4194 770 4245 aliis
789 4194 839 4259 (cl.
853 4194 980 4259 superius
999 4184 1052 4244 ὅσα
1070 4190 1245 4260 ψηφίσματα
1265 4198 1293 4243 et
1310 4194 1427 4243 inferius

280 4270 312 4330 ἐκ
332 4276 388 4330 τῶν
406 4272 610 4345 ψηφισμάτων)
630 4280 775 4331 recitatum
795 4285 849 4339 est,
873 4279 923 4331 sed
942 4278 1018 4330 aliud
1037 4284 1099 4345 post
1119 4278 1206 4331 aliud.
1223 4305 1255 4314 -
1279 4270 1426 4345 ψήφισμα.

280 4362 384 4417 λείπει.
403 4363 502 4417 Viusll.
514 4392 548 4401 -
569 4380 611 4415 om
625 4380 656 4431 pr
671 4365 774 4416 LaurS.
789 4364 843 4415 add
857 4380 912 4421 rec.
926 4364 954 4415 in
968 4380 1052 4428 marg.
1122 4362 1148 4427 2)
1168 4354 1270 4428 εὕρατο
1290 4363 1341 4414 eod
1354 4381 1381 4430 η.
1394 4390 1428 4401 -·

281 4450 380 4569 εὕρῖτο
398 4498 502 4552 LatrrS.
576 4498 602 4567 3)
622 4493 749 4555 τάλαντα
768 4500 819 4554 cod
839 4518 863 4569 η.
937 4500 965 4565 4)
985 4492 1068 4566 ολμοιι
1087 4497 1138 4550 cod
1157 4513 1179 4552 τ.
1249 4501 1276 4567 5)
1298 4492 1349 4553 τὸν
1367 4499 1426 4551 sine

281 4587 331 4642 acl
351 4586 450 4640 vindi.

1179 4668 1223 4737 5*
