3950 5609
592 546 633 613 82
835 568 1055 611 numosmrsrus
1070 569 1121 611 on.
1137 564 1300 611 nnvnnsna
1315 566 1481 609 emmens.

592 714 720 801 δωρεὰς
740 714 842 797 ἅςιιερ
852 716 876 757 ¹²
892 714 1066 802 Ἐκφάντῳ
1085 719 1132 803 τῷ
1148 718 1263 802 Θασίῳ
1282 716 1340 779 καὶ
1360 710 1518 800 Ἀρχεβίῳ
1537 718 1586 797 τῷ
1610 714 1720 789 Βυζαν-

591 821 663 905 rip,
674 819 701 859 ¹³
743 817 814 905 (62)
838 820 898 882 καί
915 841 1006 895 τινες
1031 817 1162 883 τούτων
1182 814 1390 899 ἀντιλέγοιεν
1416 811 1532 891 αὐτοῖς
1552 818 1661 879 ταῦτα
1678 812 1721 876 λε’-

590 942 723 1003 χοντες,
747 916 792 995 ὡς
812 915 945 983 δεινὸνΙ
970 925 1004 983 rt
1019 944 1109 997 τινες
1128 918 1247 1004 μόνοιῖ
1266 923 1336 983 τῶν
1355 916 1471 983 ἄλλων
1484 916 1671 1003 χιετοίιιοιν3
1687 912 1722 998 μὴ

591 1030 783 1105 χορηγοῖεν·
814 1026 886 1097 πῶς
905 1018 981 1086 ποτ’
1004 1018 1048 1085 ἂν
1068 1024 1174 1105 ἔχοιτε
1193 1017 1278 1104 πρὸς
1297 1017 1377 1097 τούς
1395 1023 1501 1084 ταῦτα
1517 1012 1723 1102 λέγονταςςιῖ

551 1144 577 1185 aa
590 1122 697 1206 δῆλον
712 1119 783 1187 ὅτι4
799 1120 920 1207 φωνὴν
941 1119 1004 1187 οὐκ
1020 1120 1084 1187 ἂν5
1094 1118 1321 1206 ’ἄνασχοισθε,
1343 1118 1389 1199 ὥς
1407 1120 1723 1205 συκοφαντούντων
1774 1169 1776 1212 χ

590 1221 720 1289 οὐκοῦν
740 1223 900 1307 αἰσχρόν,
923 1226 954 1289 εἰ
971 1226 1152 1309 μέλλοντες
1165 1224 1229 1310 μὲν
1245 1215 1284 1289 εὖ
1299 1224 1441 1308 πάσχειν
1456 1224 1678 1308 συκοφάντην
1690 1219 1724 1285 ἂν
1774 1215 1776 1286 ζ

590 1418 748 1481 lioerentur.
763 1420 786 1475 si
801 1418 895 1475 erdem
910 1418 981 1477 (lona
996 1422 1064 1493 ipsis
1079 1420 1189 1483 daretis.
1206 1436 1275 1495 quae
1289 1420 1429 1495 llcphanto
1446 1420 1547 1477 Thasio
1562 1429 1593 1477 et
1604 1417 1723 1477 lrclulio

590 1504 719 1578 Byzantio
735 1504 856 1567 dedistis,
879 1503 942 1578 (62)
955 1512 982 1561 et
999 1506 1114 1563 istorum
1128 1506 1212 1581 aliqui
1227 1506 1283 1561 illis
1297 1505 1516 1568 adversarentur.
1532 1506 1601 1563 haec
1612 1506 1724 1561 dictitan-

592 1598 643 1652 tes,
662 1606 717 1647 non
736 1606 797 1645 csse
813 1589 964 1653 terendum,
986 1592 1010 1647 si
1027 1592 1074 1666 qui
1091 1592 1143 1648 soli
1161 1608 1177 1649 e
1192 1591 1306 1665 reliquis
1322 1591 1463 1665 inquilinis
1478 1608 1592 1647 munera
1607 1606 1661 1647 non
1676 1587 1723 1643 ont·

591 1682 668 1740 rent:
686 1674 823 1748 quomodo
837 1676 944 1731 tandem
957 1692 1023 1751 erga
1037 1676 1108 1739 illos.
1124 1678 1170 1751 qut
1187 1694 1217 1732 eu
1229 1676 1360 1738 dicerent,
1376 1674 1464 1732 allecti
1479 1676 1599 1732 essetis?
1613 1693 1647 1732 an
1659 1681 1722 1747 patu

591 1776 742 1817 convocem
758 1777 812 1817 non
829 1760 910 1824 terre.
926 1770 957 1817 ut
971 1762 1218 1819 calumniatorum?
1234 1762 1323 1836 Turpe
1337 1762 1423 1835 igitur
1437 1761 1530 1825 luerit,
1546 1764 1579 1823 si.
1595 1776 1679 1835 quum
1689 1774 1723 1813 ac·

659 1962 701 2025 12)
720 1950 812 2025 ὥσπερ
829 1960 929 2013 Vindl.
948 1962 972 2011 4.
991 1987 1027 1999 -
1043 1956 1134 2026 ἅσπερ
1151 1959 1195 2025 Ω,
1214 1975 1232 2011 ο
1249 1976 1357 2011 erasnm
1377 1965 1427 2012 est
1446 1986 1474 1996 -
1494 1951 1585 2023 ἇσπερ
1599 1958 1633 2010 Σ.
1645 1948 1723 2019 ἇσπερ

589 2044 684 2096 LaurS
703 2048 731 2096 et
748 2060 843 2096 omnes
861 2028 970 2113 reliqui.
1006 2047 1039 2097 In
1051 2045 1180 2096 Parisino
1198 2051 1294 2096 nostra
1312 2037 1403 2111 ὥςπερ
1422 2047 1512 2113 operta
1529 2045 1627 2096 deberi
1644 2050 1723 2094 osten·
1774 2075 1776 2084 »

590 2130 631 2180 dit
648 2130 794 2181 translatio
812 2147 885 2196 quoe.
957 2132 999 2197 13)
1018 2128 1069 2182 ιιαλ
1082 2124 1256 2196 Ἡρακλείδῃ
1273 2130 1429 2181 uouendum
1447 2136 1528 2196 putat
1542 2127 1722 2181 Marklandns.

589 2214 662 2266 ‘Hos
680 2215 766 2279 enim,
791 2214 894 2281 inquit,
919 2212 998 2277 tres,'
1015 2215 1203 2282 Ecphantum‚
1226 2215 1391 2266 Archebium
1413 2222 1442 2267 et
1458 2214 1635 2266 Heraclidem
1652 2212 1723 2282 paulo
1774 2267 1776 2275 k

589 2306 654 2350 ante
674 2301 870 2363 coniunxerat,
889 2314 980 2365 neque
998 2302 1070 2350 ratio
1089 2304 1163 2364 erat,
1182 2315 1267 2366 quaro
1288 2316 1358 2350 unus
1376 2318 1410 2351 cx
1427 2302 1463 2350 iis
1481 2301 1536 2350 inm
1555 2302 1723 2351 omitteretur,

589 2384 636 2435 Sic
654 2401 680 2451 p.
698 2386 762 2447 476,
782 2387 796 2433 1
819 2383 880 2435 Ιοοο
903 2379 1085 2450 παραδόντες
1107 2379 1162 2450 τὴν
1185 2376 1308 2437 Πύδναν
1329 2382 1379 2436 καλ
1401 2378 1436 2437 τὰ
1459 2375 1532 2435 ἄλλα
1550 2391 1605 2437 etc.
1624 2385 1721 2435 codices

589 2469 714 2520 nonnulli
733 2473 761 2519 et
779 2467 845 2518 edit.
864 2468 954 2521 Paris.
973 2475 1049 2522 recte
1067 2470 1174 2520 habent
1192 2464 1246 2536 τήν
1258 2470 1294 2521 ΙΙ.
1310 2467 1368 2521 aul
1386 2464 1446 2536 τὴν
1464 2468 1666 2523 Ποτίδαιαν
1681 2464 1720 2517 ταὶ

588 2547 624 2606 τὰ
643 2542 730 2617 ἄλλα,
751 2554 976 2618 quemadmodum
995 2554 1048 2606 hae
1065 2555 1148 2606 urbes
1161 2555 1329 2606 coniunctim
1342 2554 1555 2606 nominabantur
1570 2573 1597 2623 p.
1609 2557 1668 2617 475,
1680 2547 1720 2602 lli-⁹

589 2636 822 2689 Marklandus.
858 2637 983 2689 ‘Oblitus
1008 2640 1181 2702 cateridem,
1207 2655 1279 2705 quae
1300 2655 1387 2690 causa
1405 2645 1489 2705 cogat
1506 2642 1667 2709 scriptorem
1683 2652 1720 2687 ac

589 2724 664 2773 mina
687 2728 752 2775 ante
773 2723 864 2788 posita
886 2722 932 2774 hic
957 2726 1049 2775 omnia
1070 2729 1206 2791 repetere.
1243 2727 1313 2774 satis
1336 2730 1445 2791 poterat
1462 2725 1581 2790 hahere,
1606 2731 1637 2775 nt
1659 2722 1719 2773 arbi·

588 2812 656 2873 tror,
676 2808 703 2858 h.
723 2806 741 2861 l.
760 2807 911 2874 principem
929 2806 1235 2863 beneficii'nominare.'
1266 2810 1317 2859 Fr.
1335 2810 1367 2860 A.
1384 2810 1476 2861 Wolf
1481 2812 1541 2865 ius.
1580 2810 1641 2865 vio.
1659 2808 1690 2858 ad
1705 2806 1719 2855 l.

587 2890 644 2958 leg.
662 2894 686 2955 ἓ.
705 2895 763 2944 280.

655 2988 706 3051 62.
747 2993 772 3061 1)
797 2986 935 3047 δύσκολον
962 2996 1158 3063 superscripsit
1185 3013 1232 3047 rec
1254 2997 1289 3049 Σ.
1370 2997 1396 3059 2)
1420 2990 1505 3063 μόνοι
1532 3015 1575 3049 om
1598 2998 1679 3061 Augt.
1698 2991 1718 3039 l·

588 3078 615 3143 3)
634 3079 774 3145 μετοίκων
792 3096 835 3131 om
853 3088 872 3134 t.
892 3108 926 3117 -
957 3082 1099 3134 ‘Notauda
1116 3082 1221 3132 locutio
1242 3072 1343 3147 μόνοι
1365 3079 1431 3133 τῶν
1452 3071 1562 3134 ἄλλων
1583 3080 1717 3149 μετοίκων,
1774 3075 1776 3130 Ξ

589 3164 667 3215 cuius
685 3164 834 3216 locutionis
851 3164 931 3230 plum
950 3166 1077 3233 exemplu
1093 3168 1245 3217 memoravi
1262 3168 1290 3216 in
1308 3165 1442 3232 Stephon.
1460 3166 1608 3218 'l'hescol
1622 3159 1717 3215 18t1t'.
1774 3233 1776 3238 Ι

587 3264 609 3302 a.
627 3266 653 3301 v.
667 3238 768 3309 Ἄλλος.
808 3250 841 3301 Iu
858 3249 902 3300 his
925 3239 1017 3303 ἄλλων
1040 3250 1182 3302 abundare
1203 3252 1286 3317 vulgo
1310 3252 1414 3304 dicunt.
1448 3252 1509 3302 Nou
1530 3252 1669 3302 abundare
1686 3246 1717 3295 ts·

588 3332 640 3383 cile
659 3332 813 3401 intelligas,
832 3335 856 3385 si
879 3340 972 3386 vertas
992 3352 1016 3389 e.
1029 3353 1052 3389 c.
1070 3341 1193 3387 nostrum
1210 3338 1318 3387 eeirmctt
1333 3354 1351 3385 α
1368 3342 1462 3387 celeria
1478 3338 1618 3403 inpunitum,
1637 3329 1718 3385 exerat?

588 3435 689 3470 numero
712 3427 854 3470 ceterorum
875 3421 1064 3487 inqrrtlinorunr,
1088 3426 1120 3471 ut
1142 3422 1180 3472 sit
1196 3423 1215 3472 i.
1235 3437 1261 3485 q.
1281 3417 1365 3487 χωρὶς
1382 3420 1440 3474 τῶν
1456 3412 1551 3473 ἄλλον
1572 3410 1716 3488 pezolam?

587 3503 808 3555 Schacl'erus.
854 3504 898 3560 Ol,
919 3506 1051 3556 Aristocr.
1075 3506 1182 3567 §.1862
1213 3500 1255 3566 εἷς
1282 3497 1419 3559 ἁπάντων
1446 3504 1503 3559 τῶν
1525 3496 1617 3559 ἄλλων
1636 3495 1716 3571 μόνοι.

587 3586 778 3654 ibiq.Wobor.
807 3588 924 3640 Addidit
936 3590 1088 3641 Westerm:
1107 3593 1140 3641 14
1157 3594 1181 3655 §-
1194 3594 1220 3642 3.
1237 3593 1269 3641 21
1288 3593 1312 3653 §-
1325 3595 1383 3643 228.
1402 3594 1435 3643 59
1449 3594 1473 3653 ξ.
1484 3594 1527 3643 96.
1595 3590 1623 3658 4)
1642 3588 1716 3637 ‘Era
1774 3647 1776 3658 Ι

587 3677 650 3723 rnut
667 3671 751 3738 uulgo
769 3660 789 3739 ἢ
807 3671 895 3739 δῆλον
912 3665 957 3726 ὅτι
974 3674 1020 3726 vel
1042 3662 1228 3742 ἢὸηλονότι,
1259 3681 1287 3728 et
1308 3677 1424 3727 interius
1445 3664 1466 3743 ἢ
1486 3675 1558 3728 ποῖοι
1578 3666 1714 3742 πρόδηλοι·

587 3758 739 3822 Utrobique
761 3742 780 3822 ἦ
803 3759 983 3809 circumflecti
1006 3760 1108 3811 debere
1130 3764 1210 3825 potet
1233 3766 1261 3812 et
1286 3762 1390 3812 monuit
1411 3762 1533 3827 Toupius
1555 3762 1591 3812 ad
1613 3756 1715 3820 Longu.

586 3842 642 3903 ΙΙΙ,
660 3842 686 3893 λ.
721 3840 774 3892 Vix
791 3840 875 3891 ullum
894 3848 1039 3909 peccatum
1058 3844 1199 3896 solemnius
1218 3850 1261 3895 eet
1278 3847 1307 3895 in
1325 3844 1424 3897 libris.’
1443 3847 1494 3897 Fr.
1516 3846 1550 3896 A.
1572 3842 1713 3897 Wolfius.

474 3936 477 3945 ’
585 3914 607 3991 ἦ
631 3922 720 3993 δῆλον
747 3914 792 3977 ὅτι
815 3928 943 3991 probavit
970 3930 1056 3978 etiam
1079 3930 1192 3981 Bantius
1220 3930 1255 3980 ad
1281 3932 1400 3998 Longin.
1421 3930 1440 3985 l.
1460 3946 1484 3981 o.
1507 3948 1535 3998 p.
1552 3932 1602 3983 637
1622 3922 1713 3980 Weisk.
1774 3953 1776 3998 χ

586 4010 781 4061 ‘Bekkeriana
802 4014 875 4063 ratio
897 4001 919 4079 ἢ
941 4010 1029 4079 δῆλον
1052 4002 1096 4065 ὅτι
1124 4018 1182 4065 iure
1209 4015 1304 4081 placet
1325 4015 1485 4067 Heindorfio
1512 4017 1644 4068 formulae
1668 4010 1712 4058 vim
1774 4062 1776 4072 Ι

586 4096 657 4145 scite
676 4094 829 4161 explicanti
847 4098 882 4147 ad
899 4096 1009 4149 Platon.
1026 4098 1145 4151 Phaedr.
1163 4116 1189 4166 p.
1205 4102 1253 4152 188
1271 4116 1312 4165 sq.
1332 4106 1360 4151 et
1378 4102 1414 4151 ad
1431 4102 1542 4167 Protag.
1562 4119 1588 4167 p.
1599 4099 1659 4159 457,
1674 4090 1712 4141 uti
1774 4155 1776 4171 ί

585 4178 710 4245 inprimis
729 4182 916 4247 comparanda
935 4182 1078 4235 Ciceronis
1095 4185 1257 4249 translatio,
1281 4200 1388 4236 omnem
1405 4184 1469 4249 illa,
1492 4188 1516 4236 si
1540 4202 1619 4252 quam
1635 4178 1711 4231 adhuc
1774 4193 1776 4200 ’

585 4262 706 4329 habeas,
737 4264 838 4317 tollens
865 4266 1091 4319 dubitationem)
1130 4269 1347 4321 Schaelerus.
1396 4270 1517 4337 ‘Quippe
1544 4260 1565 4338 ἢ
1589 4270 1652 4336 [hoc
1674 4274 1708 4310 *θ’
1774 4257 1776 4294 t

586 4353 668 4399 centu
686 4350 760 4416 vulg.
780 4378 812 4389 —
835 4344 960 4419 rjAugl.
979 4380 1012 4388 -
1034 4340 1174 4420 niueum]
1194 4356 1222 4404 in
1245 4354 1298 4405 hac
1317 4354 1434 4407 formula
1457 4358 1485 4407 vi
1503 4354 1652 4422 corrigendi
1671 4360 1709 4412 po·

506 4468 509 4476 .
585 4431 672 4496 uitur,
691 4435 756 4499 quia
775 4436 832 4487 alia
850 4436 985 4501 quaedam
1003 4438 1185 4503 interrogatio
1209 4446 1257 4490 aut
1278 4443 1433 4505 praemissa
1454 4445 1497 4491 ont
1514 4448 1562 4492 aut
1579 4436 1645 4506 opud
1661 4427 1709 4481 ³1¹3·
1774 4425 1776 4432 ’

586 4531 658 4566 mum
677 4518 880 4586 intelligenda.'
900 4520 1145 4573 Stullboumius
1164 4524 1199 4573 ad
1216 4525 1329 4589 Protog.
1349 4527 1409 4575 init.
1479 4528 1506 4591 b)
1523 4518 1561 4578 ἂν
1578 4520 1673 4575 excidit
1687 4514 1709 4561 in
1774 4529 1775 4544 ³

585 4600 669 4654 Wolf.
687 4604 785 4660 Vindl.
