3950 5609
572 556 793 605 nnuoennunus
810 561 861 603 en.
878 561 1042 607 teleneus
1057 546 1236 630 pneumon}
1428 544 1469 610 47

822 763 974 819 ΝΟΜΟΣ.

406 871 519 962 Ἀτελη
540 878 611 944 6114
630 880 756 965 μηδένα
773 876 860 947 εἶναι
875 885 1092 969 τριηραρχίας
1106 882 1195 969 πλήν
1209 889 1278 950 τῶν
1295 884 1394 952 ἐννέα
1409 882 1471 973 ἄρ-

320 978 465 1065 χόντων.

410 1091 460 1149 28.
492 1081 608 1167 ‘Optimi'
636 1080 698 1162 ὥς1
726 1091 859 1173 σαφῶς,
891 1078 920 1152 ὦ
947 1085 1071 1172 ἄνδρες
1095 1086 1285 1175 Ἀθηναῖοι,
1315 1093 1508 1177 μηδίναεο

321 1180 434 1249 εἶναι
457 1188 747 1272 τριηραρχίαςῖ
763 1185 883 1274 ἀτελῆ
901 1191 1090 1275 διείρηκεν3
1107 1188 1124 1255 ὁ
1140 1191 1243 1277 νόμος
1262 1190 1370 1279 πλήν
1390 1199 1470 1259 τῶν

408 1382 536 1438 Triromis
562 1390 653 1439 autem
680 1384 854 1441 instruendae
880 1402 960 1443 nemo
987 1387 1024 1443 sit
1043 1388 1186 1449 imumuie,
1211 1404 1308 1444 novem
1331 1388 1468 1446 archonti·

322 1466 374 1523 bus
395 1470 525 1543 exeeptis.
1214 1461 1219 1469 ’

409 1551 459 1611 28.
490 1554 596 1615 Videte,
622 1554 813 1619 Athenienses,
836 1574 916 1631 quam
938 1559 1089 1631 perspicuis
1112 1558 1200 1615 veritis
1220 1556 1282 1632 lege
1298 1560 1335 1616 eit
1349 1568 1468 1623 cautum,

322 1654 358 1695 ιιι
374 1640 439 1711 quie
453 1640 641 1696 instruendae
657 1644 781 1698 triremis
801 1644 931 1699 immunis
945 1645 999 1717 eit,
1016 1659 1113 1701 novem
1129 1644 1316 1701 archontibus
1330 1649 1468 1717 exceptio.

393 1840 439 1905 14),
455 1834 486 1892 Oi
506 1856 549 1891 om
567 1840 654 1907 Augl.
673 1841 698 1891 k.
734 1842 851 1893 Dubitat
867 1842 912 1893 Fr.
931 1844 964 1893 Δ.
983 1844 1113 1907 Wolflue,
1135 1849 1247 1895 rectene
1265 1845 1417 1897 omittetur.

392 1920 441 1981 28.
478 1926 503 1992 1)
517 1915 583 1991 oipr
592 1922 631 1979 Ω.
642 1953 673 1963 -
687 1916 724 1985 ὡς
737 1943 779 1977 om
789 1928 815 1993 le,
829 1928 876 1993 qui
887 1927 958 1978 heeo
971 1920 1056 1991 δρᾶτε
1119 1919 1265 1995 ἀρχόντων
1275 1930 1329 1995 (om
1338 1930 1426 1999 Augl)
1439 1930 1468 1981 in

321 2024 402 2075 marg
413 2010 499 2061 hebet
512 2027 529 2061 u
541 2014 658 2064 recenti.
714 2010 740 2075 2)
760 2012 953 2078 λειτουργείας
965 2012 1045 2065 Liud.
1102 2014 1129 2077 8)
1146 2029 1188 2079 γρ.
1203 2006 1322 2081 διῄρηκε
1333 2014 1422 2069 AldV.
1434 2032 1468 2080 γρ

320 2142 431 2215 η’(ἰοεο
451 2149 487 2214 ει)
505 2163 584 2213 marg
597 2146 635 2203 Π.
657 2175 690 2185 -
719 2096 864 2213 toilonum
886 2148 992 2201 Lame.
1015 2176 1049 2185 -
1078 2150 1152 2201 ‘Lex
1174 2152 1283 2210 δίκαιε,
1305 2153 1376 2201 ctare
1397 2151 1467 2213 dicit,

320 2228 398 2301 λέγει
421 2227 591 2299 διαρρήδην.
633 2234 775 2285 Parlioule
797 2232 868 2285 haee
893 2224 1084 2300 (διαρρήδην)
1108 2248 1189 2299 quum
1211 2234 1398 2285 ueitetieeime
1420 2235 1467 2295 eit,

320 2320 457 2371 verbum
477 2318 600 2389 eiusdem
618 2318 743 2371 familiae
762 2316 893 2383 διείρηκα
911 2319 1000 2369 inritae
1018 2319 1151 2383 occurrit,
1173 2319 1257 2384 vulgo
1275 2335 1311 2371 ne
1329 2321 1358 2370 in
1376 2320 1468 2371 lexlee

319 2402 430 2469 quidem
449 2403 574 2457 relatum.
611 2405 683 2454 Paeo
702 2403 802 2455 ceteris
821 2399 976 2455 delectetur
989 2419 1021 2455 eo
1033 2401 1151 2455 Iudaeus
1162 2404 1257 2468 Philo,
1275 2409 1306 2455 ut
1319 2405 1362 2455 De
1373 2404 1467 2463 Mune.

319 2488 397 2555 Opis.
416 2489 475 2539 Τ.Ι
493 2505 519 2555 p.
532 2490 574 2541 28.
610 2488 689 2551 Quod
706 2489 771 2541 Det.
788 2490 850 2541 Pet.
868 2488 956 2539 Inuid.
975 2504 1021 2555 pp.
1036 2492 1086 2541 194
1099 2493 1127 2539 et
1138 2491 1197 2543 201.
1232 2490 1275 2541 De
1294 2489 1370 2556 Sept.
1383 2490 1466 2545 Diei).

318 2575 353 2625 Τ.
365 2574 394 2625 11
412 2590 437 2641 p.
452 2574 484 2623 28
503 2573 545 2628 ed.
558 2574 656 2639 lleng.
668 2578 696 2624 et
714 2571 801 2625 olibi?
825 2574 875 2627 Fr.
888 2572 919 2623 Δ.
934 2574 1091 2625 Wolfiue.
1128 2574 1360 2628 ‘Damoethepiee
1378 2591 1466 2629 exem·

318 2658 369 2725 ple
386 2658 471 2711 hebel
488 2657 546 2709 Iud.
567 2659 665 2711 Greeo.
685 2674 706 2709 ε.
720 2674 745 2713 ν.
759 2658 898 2711 Διειιτεῖν.
935 2658 1069 2725 Stephon.
1087 2659 1221 2711 Theeeur.
1236 2674 1262 2714 ε.
1275 2674 1319 2715 vv.
1333 2662 1467 2713 Διειιτεῖν

318 2750 350 2795 et
368 2739 479 2810 Aaepoiff
507 2744 723 2795 Schneierue.
764 2744 858 2795 ‘Fore
884 2735 1034 2811 διῄρηκεν,
1058 2750 1088 2795 ut
1110 2745 1206 2811 Eurip.
1224 2744 1328 2797 Baeeh.
1346 2760 1387 2797 ve.
1406 2748 1464 2797 202.

318 2830 452 2883 Variatur
469 2829 601 2885 irietoer.
625 2846 651 2895 p.
670 2830 733 2891 666,
754 2830 786 2879 14
810 2834 838 2881 et
861 2845 922 2881 mox
944 2846 970 2895 p.
989 2831 1053 2893 466,
1073 2832 1102 2893 7,
1124 2830 1173 2881 ubi
1190 2822 1326 2897 διῄρηκεν
1349 2831 1467 2886 euniieit

318 2914 448 2967 Budaeus
475 2932 500 2981 p.
520 2916 553 2966 ’16
583 2914 753 2979 (Commeat.
776 2914 817 2971 eei.
840 2914 962 2981 steph).
1008 2914 1071 2966 Hoe
1101 2915 1195 2966 malim
1222 2917 1308 2967 etiem
1333 2916 1466 2971 Δείνωνι.

318 3016 346 3067 p.
359 3000 422 3063 644,
440 3003 470 3063 4,
489 3000 536 3051 ubi
553 3001 615 3053 vide
635 3018 660 3067 p.
674 3001 734 3063 637,
754 3002 793 3052 13.
813 3015 838 3065 p.
853 3000 911 3065 646,
932 3001 971 3051 17.
1007 3000 1144 3052 Pontem.
1162 3017 1189 3067 p.
1208 3002 1267 3063 976,
1285 3002 1328 3053 27.
1346 3028 1382 3039 -
1404 2994 1464 3067 διή-

319 3100 409 3152 ρηκεν
426 3084 517 3139 Sobel.
535 3086 594 3135 Bau
613 3090 641 3136 et
659 3090 756 3137 auctor
773 3084 884 3152 Argum.
908 3110 940 3121 -
964 3082 1054 3140 διεῖλε
1075 3085 1169 3151 Steph.
1187 3086 1202 3134 1
1219 3100 1245 3151 p.
1265 3088 1347 3151 1116,
1367 3088 1407 3139 14.
1430 3114 1465 3125 -

316 3163 454 3237 διῄρηται
472 3172 494 3221 ie
512 3172 613 3233 defined
629 3171 715 3221 Thue.
732 3172 764 3233 V,
783 3169 841 3221 263,
864 3170 1052 3223 Dobreeue.
1087 3168 1226 3221 ‘Otioeem
1244 3185 1306 3221 eeee
1324 3174 1391 3237 puto
1408 3172 1463 3223 De·

317 3256 398 3308 breei
416 3256 603 3307 coniecturum
626 3248 763 3321 διῄρηκεν
785 3272 833 3321 pro
856 3254 1011 3323 διείρηκεν.
1043 3255 1098 3306 hoe
1120 3259 1196 3307 erote
1221 3256 1399 3307 coniunctum
1421 3261 1464 3315 eet

316 3356 380 3393 eum
398 3340 531 3392 adverbio
553 3340 668 3391 solemni
691 3342 716 3389 in
735 3340 839 3391 talibus
860 3342 942 3392 rebue
961 3335 1143 3406 διαρρήδην.’
1178 3339 1306 3390 Bekiue
1324 3341 1462 3407 uypomo.

315 3427 337 3478 l.
358 3442 382 3480 e.
406 3442 432 3493 p.
452 3428 508 3475 124.
543 3426 718 3491 Receperunt
739 3425 862 3477 Dobreei
884 3418 1022 3493 διῄρηκεν
1043 3423 1202 3477 Diodorum
1224 3429 1253 3475 et
1275 3426 1462 3477 Weetermeu-

314 3526 383 3574 uua,
410 3512 456 3577 qui
483 3511 640 3565 annotavit:
673 3511 756 3561 ‘Dum
782 3512 937 3575 praesentio
963 3512 1097 3577 temporie
1123 3515 1152 3560 et
1174 3510 1274 3561 eorieti
1294 3525 1360 3563 neue
1383 3511 1464 3566 venbi

316 3597 444 3661 διαιρεῖν
462 3600 553 3647 oertue
571 3602 623 3662 eut,
641 3601 672 3647 ut
689 3613 726 3650 or.
740 3598 773 3648 23
790 3597 830 3658 §i-
843 3599 884 3647 64.
897 3598 938 3651 19.
957 3611 996 3647 or.
1009 3598 1052 3660 46,
1069 3598 1093 3659 5.
1107 3598 1150 3659 46,
1167 3595 1284 3647 maxime
1302 3595 1400 3647 dubius
1419 3601 1463 3647 eet

315 3682 391 3749 apud
406 3681 622 3733 Demosthenem
639 3698 703 3733 uene
721 3680 846 3734 διειτείν
868 3682 886 3737 i.
905 3697 930 3747 q.
949 3683 1056 3746 delinire
1078 3696 1187 3747 eemper
1208 3680 1242 3731 de
1265 3681 1373 3747 legibue
1396 3695 1461 3732 eon·

314 3768 510 3830 etitueutibne,
536 3767 581 3831 qui
604 3782 668 3818 neue
691 3783 745 3819 nou
768 3768 822 3817 uisi
840 3768 868 3817 iu
892 3767 985 3819 formio
1003 3767 1124 3834 perfecti
1142 3765 1228 3819 ieoile
1250 3771 1279 3819 et
1300 3766 1460 3833 plerumque

313 3854 437 3907 contusis
461 3852 595 3911 occurrit,
621 3860 650 3901 ut
673 3854 696 3913 §-
709 3854 751 3905 29.
771 3869 811 3904 or.
830 3854 976 3915 2355312.
998 3857 1054 3907 140.
1073 3870 1111 3905 or.
1129 3854 1161 3905 et
1179 3853 1203 3914 θ.
1216 3850 1267 3905 36)
1303 3852 1346 3902 Ex
1363 3851 1461 3903 alletia

313 3940 385 3991 looie
405 3939 525 3991 activum
544 3934 690 4003 διείρηκεν
707 3953 763 3989 nou
781 3944 838 3989 lem
856 3954 945 3989 neruum
964 3955 1026 3990 eeee
1045 3943 1163 4005 apparet
1180 3952 1261 4002 quem
1277 3935 1392 3988 Woliiue
1409 3951 1459 4003 pu·

313 4024 395 4079 iuvit
430 4022 575 4075 Facillime
599 4022 708 4089 quidem
727 4024 762 4075 ob
781 4024 914 4091 cognatae
935 4024 1033 4075 literne
1052 4028 1080 4073 et
1100 4022 1228 4073 notiones
1246 4021 1458 4082 confunduntur.

313 4108 498 4161 Sehoemenn.
524 4109 558 4159 etl
583 4109 691 4159 leeeum
713 4125 738 4174 p.
757 4110 816 4161 468.
855 4110 915 4161 Aet.
935 4108 970 4159 ml
987 4109 1097 4159 Pleion.
1114 4106 1185 4173 Leg.
1205 4106 1237 4160 T.
1255 4106 1282 4159 11
1304 4122 1332 4172 p.
1350 4107 1399 4157 311
1417 4122 1457 4172 eq.

313 4196 352 4246 nt
374 4210 429 4245 nou
451 4192 581 4261 intelligo
604 4193 666 4259 quid
689 4194 727 4244 eit
748 4194 825 4245 ‹lubii
847 4195 876 4245 in
898 4198 940 4243 tot
960 4192 1092 4259 exemplis
1110 4190 1347 4254 Demosthenieie‚
1378 4206 1458 4256 quum

315 4278 374 4330 eliu
392 4278 502 4331 minime
520 4278 605 4329 dubie
624 4277 767 4329 accedunt.
802 4279 872 4330 Nem
891 4293 1057 4344 quemquem
1075 4270 1203 4344 διαλέγει
1218 4277 1337 4327 activum
1350 4276 1392 4326 eie
1403 4292 1458 4327 uon

313 4362 468 4425 invenitur,
492 4369 584 4414 temen
606 4362 720 4416 διεῖπεν
743 4368 772 4415 ε1
789 4361 934 4429 διείρηκεν
952 4365 969 4415 1.
989 4380 1014 4429 q.
1033 4364 1173 4428 exposuit„
1190 4364 1261 4412 olore
1278 4362 1357 4423 διἀνι,
1382 4377 1457 4413 oeen-

311 4457 373 4501 rote
390 4450 533 4508 enerravit,
556 4450 686 4499 eunetiloit
709 4450 856 4515 reperitur:
885 4448 968 4514 Soph.
987 4448 1056 4500 Oed.
1073 4448 1106 4499 R.
1124 4463 1165 4501 ve.
1183 4448 1235 4497 864
1253 4446 1302 4511 (.·-·
1319 4446 1396 4507 827):
1422 4436 1458 4498 ὅν

278 4534 284 4543 ’
313 4548 346 4601 γε
364 4530 471 4597 Λοξίας
489 4531 584 4585 διεῖπε
603 4531 706 4600 γρήναι
787 4533 901 4585 θανεῖν.
937 4533 1011 4587 Ptm.
1029 4534 1117 4599 Legg.
1136 4534 1176 4583 xi
1193 4549 1222 4600 p.
1234 4534 1284 4583 932
1296 4533 1333 4582 E:
1352 4522 1387 4582 τὰ
1403 4527 1457 4598 μὲν

312 4611 467 4685 θανάσιμα
486 4608 579 4670 αὐτῶν
598 4610 794 4685 διείρηται,
893 4612 1000 4672 τούτων
1018 4610 1106 4670 οὐδέν
1123 4634 1166 4669 amo
1185 4613 1368 4686 διερρήθη.
1396 4616 1455 4671 διτ-
