3950 5609
579 609 802 653 omrosrnnurs
818 610 868 653 on.
885 610 1049 655 nonnosus
1064 612 1234 655 enormen.
1440 593 1479 656 19

394 764 423 819 5.
456 758 499 821 Εί
512 760 630 821 τοίνυν
650 783 700 834 τις
724 758 825 835 ἐάσας
845 764 966 837 ταῦτα,
989 756 1169 825 αὐτὸκαθ’
1186 759 1262 826 αὕτ’
1280 760 1477 843 ἐξετάσειεν,

329 856 475 941 ιιότερόν
493 861 588 923 τοτε1
607 860 884 943 λυσιτελέστερόν
901 862 971 926 ἐστι
988 865 1129 945 κυρίους
1143 862 1206 947 μὲν
1221 861 1307 947 ὑμᾶς
1323 859 1409 929 εἶναι
1420 869 1479 948 τῆς

329 960 474 1042 δωρεᾶς,
497 960 766 1045 ἐξαπατηθέντας
787 962 827 1027 δέ
843 964 894 1027 τιλ
917 965 972 1027 καί
988 964 1110 1049 φαύλῳ
1131 966 1198 1028 τινί
1220 966 1358 1047 δοῦναι,
1378 965 1400 1049 ἢ
1421 964 1477 1030 drol
1490 980 1516 1019 2⁰

329 1062 411 1124 τοῦ·Ἱ
431 1066 603 1140 παντελῶς
624 1062 773 1148 ἀκύρους
793 1066 969 1148 γενέσθαι,
992 1062 1071 1149 μηδ’
1092 1063 1136 1129 ἄν
1157 1064 1252 1143 ἄξιόν
1271 1065 1337 1131 τιν’
1355 1069 1476 1151 εἰδῆτε,

329 1162 452 1239 ἐξεῖναι
467 1168 617 1249 τιμῆσαι·
645 1162 771 1249 εὕροιτ’
788 1164 831 1231 ἄν
846 1170 976 1251 μᾶλλον
993 1168 1104 1231 ἐκεῖνο
1120 1171 1333 1233 λυσιτελοῦν.
1358 1166 1414 1233 διὰ
1429 1173 1476 1247 τί,

328 1261 399 1330 ὅτι4
422 1266 460 1331 ἐκ
475 1265 538 1351 μὲν
553 1272 614 1331 τοῦ
630 1272 789 1344 πλείονας
798 1270 810 1306 ·”
831 1265 852 1353 ἢ
867 1268 1047 1354 προςήκειῦ
1067 1273 1167 1353 τιμᾶν
1181 1266 1330 1346 πολλοὺς
1346 1260 1386 1335 εὖ
1400 1293 1476 1335 ιιοι-

392 1460 421 1519 5.
451 1462 528 1531 Quod
551 1466 573 1519 si
596 1464 673 1537 quis,
700 1464 742 1520 his
758 1464 879 1528 omissis,
909 1463 977 1521 illud
998 1466 1087 1538 ipsum
1109 1482 1160 1538 per
1174 1482 1204 1521 se
1219 1474 1345 1522 accurate
1360 1484 1476 1541 perpen-

327 1547 409 1607 derit.
437 1558 528 1604 utrum
551 1551 658 1605 tandem
680 1558 801 1623 praestet
822 1566 905 1625 penes
926 1566 974 1605 vos
996 1567 1057 1605 esse
1078 1552 1121 1606 ius
1141 1550 1273 1613 donandi.
1296 1554 1348 1607 etsi
1369 1553 1476 1627 decepti

327 1634 407 1687 etiem
424 1634 536 1706 indigno
552 1634 633 1691 elicui
648 1634 770 1697 donetis,
792 1652 824 1691 en
846 1650 911 1691 vero
932 1651 1048 1709 prorsus
1067 1637 1166 1691 omissa
1187 1644 1323 1710 potestate
1344 1654 1378 1693 ue
1399 1637 1475 1693 illum

327 1716 435 1789 qrrldeor
462 1718 566 1775 honore
590 1718 699 1776 ollleere
725 1720 819 1782 licent.
848 1722 894 1793 qul
922 1720 1021 1793 dignus
1044 1720 1180 1784 videatur:
1207 1723 1284 1795 prius
1305 1722 1372 1778 illud
1392 1722 1475 1795 louge

326 1810 465 1875 proestare
487 1806 671 1878 comperietis.
703 1806 897 1879 qrromobreml
923 1807 1003 1879 quie,
1029 1806 1092 1861 dum
1113 1806 1257 1863 honoretis
1279 1806 1372 1881 plures
1394 1825 1474 1882 quom

325 1986 419 2037 eatur)
445 1989 496 2037 Fr.
510 1988 542 2039 A.
554 1987 710 2041 wolfius.
741 1989 845 2041 ‘Unoos
859 1988 962 2039 amovit
975 1990 1021 2040 Fr.
1035 1988 1066 2039 A.
1080 1988 1207 2047 Wolfioe,
1222 1990 1292 2055 quod
1306 1995 1413 2041 tanturn
1426 1992 1474 2041 ab·

325 2076 415 2121 estut
433 2073 557 2138 probem,
580 2078 611 2123 ut
632 2072 800 2123 laudandum
825 2090 955 2125 eeneeam
973 2074 1145 2139 Bekkerum,
1165 2076 1211 2140 qui
1229 2074 1339 2141 longine
1356 2076 1472 2126 Reielrio

324 2174 485 2223 progressus
504 2158 554 2224 τῆς
572 2156 681 2223 δωρεᾶς
700 2158 853 2209 deleverit)
873 2159 1090 2211 Sohaeferue.
1125 2160 1202 2210 Nihil
1221 2164 1264 2211 eet
1281 2160 1471 2225 supplendum,

324 2242 373 2293 eed
394 2244 521 2295 universe
545 2244 678 2294 maiestas
702 2244 797 2309 populi
817 2244 1005 2309 significatur,
1029 2244 1081 2296 τοῦ
1103 2243 1249 2304 παντελῶς
1271 2237 1372 2308 κύριον
1394 2237 1472 2297 εἶναι

324 2326 367 2378 Cf.
405 2330 454 2381 .5.
674 2334 675 2337 ’

387 2328 421 2469 55.
457 2413 482 2477 1)
502 2429 569 2465 ποτε
589 2414 616 2466 h.
635 2413 652 2463 l.
673 2415 756 2463 etiam
776 2414 824 2477 Σ.,
844 2430 898 2465 non
916 2432 952 2465 τι.
990 2414 1044 2464 Sed
1062 2414 1118 2466 vid.
1137 2416 1231 2465 nott.
1246 2442 1277 2451 -
1291 2441 1319 2449 -
1341 2414 1374 2465 In
1392 2431 1470 2481 prae·
1502 2469 1508 2485 ⁸

324 2513 419 2563 gresso
433 2490 593 2560 ίξετάσειεν
605 2499 710 2565 primae
724 2500 862 2549 monue⁰Z
874 2504 902 2549 et
912 2496 958 2564 Ω,
977 2498 1053 2549 lineo
1066 2500 1094 2548 in
1108 2499 1135 2550 Σ
1145 2498 1250 2550 delevit
1262 2516 1287 2549 ν.
1357 2500 1384 2566 2)
1401 2516 1471 2552 ποτε

324 2634 398 2699 vulg.
417 2638 445 2684 et
463 2651 541 2701 marg
560 2636 636 2700 antiq
655 2632 689 2684 Σ.
714 2662 745 2671 -
774 2650 800 2685 τι
819 2635 857 2698 Σ,
881 2636 923 2685 eie
941 2634 966 2685 h.
986 2635 1003 2684 l.
1028 2661 1061 2670 -
1084 2630 1118 2686 δέ
1134 2582 1235 2688 ζιοτιίαλ
1254 2636 1356 2686 LaurS.
1377 2663 1409 2673 -
1427 2636 1470 2688 Ol.

323 2718 455 2772 Arietoer.
474 2720 497 2781 ξ.
518 2722 581 2771 117ι
609 2711 815 2782 ἐξαπατώντων
832 2737 858 2771 τι
878 2719 933 2771 τῶν
951 2719 1197 2787 Λακεδαιμονίων.
1267 2720 1295 2785 3)
1314 2714 1345 2772 :t
1364 2720 1469 2771 LaurS.

322 2804 397 2869 vulg.
420 2832 448 2838 -
472 2802 523 2856 τοῦ
542 2805 576 2857 Σ.
593 2802 632 2858 Ω.
654 2804 685 2857 Τ.
704 2822 725 2855 ε.
744 2806 841 2857 Vindi.
860 2833 894 2841 —
920 2804 993 2856 Illud
1011 2812 1100 2857 ortum
1117 2806 1239 2864 videtur,
1266 2807 1331 2869 quia
1349 2806 1373 2867 §-
1393 2807 1409 2854 6
1427 2822 1469 2857 ee-

322 2890 414 2953 quitnr
432 2881 473 2940 dr’
493 2882 596 2943 ἐκεῖνο.
632 2890 685 2941 Sed
705 2890 755 2940 hoe
774 2890 921 2955 respondet
940 2885 989 2941 διὰ
1003 2890 1033 2941 τί
1037 2909 1044 2953 ;
1064 2882 1117 2945 ὅτι.
1170 2890 1197 2952 4)
1216 2880 1260 2941 ὅτι
1275 2906 1318 2940 om
1330 2890 1468 2957 prLeurS.

321 2988 353 3037 pr
368 2972 392 3022 λ.
462 2972 487 3038 5)
507 2974 639 3034 πλείονος
656 2976 742 3042 Augl.
762 2976 787 3028 t.
805 2992 828 3028 r.
899 2975 925 3041 6)
944 2975 1070 3042 προσῆκε
1087 2976 1195 3026 Aldete.
1210 2984 1262 3026 to.
1281 3003 1312 3012 -
1331 2969 1469 3043 προσήκει

321 3110 355 3164 Σ.
375 3110 478 3161 Laan.
497 3113 564 3163 Bar.
583 3112 658 3178 vulg.
676 3138 710 3148 —
728 3059 869 3178 προαήιιεί
882 3114 912 3163 F.
933 3138 961 3147 —
987 3112 1194 3176 *προκαλεῖσθε
1212 3112 1258 3162 hie
1278 3119 1321 3162 εει
1339 3113 1467 3164 luterum.

320 3194 409 3260 Atque
428 3195 492 3247 hine
512 3198 632 3249 fortasse
650 3196 841 3263 deprehendes
859 3198 1057 3248 necessitatem
1076 3198 1189 3262 legendi
1205 3190 1361 3263 uenerint!
1380 3199 1467 3262 Tay-

320 3279 421 3331 lorus.
458 3280 667 3344 ‘noerutetode
687 3284 741 3332 etei
760 3282 880 3331 loturum
899 3286 954 3343 εει,
973 3281 1078 3332 ideireo
1095 3297 1150 3332 non
1166 3281 1298 3332 debemus
1315 3296 1377 3331 enm
1393 3282 1466 3347 Tay-

321 3364 378 3415 loro
396 3364 520 3430 repectione
538 3371 644 3417 mutare
663 3368 691 3417 in
709 3359 852 3431 προςήκει.
883 3366 1036 3416 Atticorum
1054 3370 1098 3416 eat
1114 3364 1295 3431 pervulgatus
1314 3382 1372 3417 moe
1389 3382 1467 3418 neur-

321 3466 388 3515 pure
406 3450 571 3515 imperfecta
589 3443 688 3517 ἐχρῆν,
713 3449 868 3516 προςήκεν,
888 3445 965 3509 εἰκὸς
982 3438 1033 3515 ἦν,
1056 3451 1104 3501 ubi
1121 3450 1219 3500 itidem
1237 3452 1333 3501 Latini
1350 3452 1466 3504 detetur.

320 3535 468 3601 oportebat,
488 3536 602 3589 decebat,
639 3538 680 3587 De
698 3534 814 3587 Graecis
836 3537 873 3589 ei.
891 3536 1016 3587 DOrvill.
1031 3534 1113 3588 Char.
1130 3551 1156 3600 p.
1169 3533 1239 3586 610.’
1267 3538 1318 3587 Fr.
1330 3536 1362 3586 A.
1377 3537 1466 3587 Wol-

321 3620 396 3672 liue.
433 3620 506 3671 ‘Non
519 3620 670 3672 Atticorum
690 3622 742 3671 lete
762 3638 820 3673 mos
839 3627 893 3683 eet,
913 3621 961 3672 sed
981 3621 1100 3671 omniurn
1118 3620 1285 3671 Graecorum
1303 3623 1466 3688 scriptorum

320 3706 492 3771 imperiectio
515 3706 571 3757 illis
595 3708 743 3769 utentium,
777 3708 824 3757 ubi
851 3708 1008 3773 imperfecti
1033 3705 1164 3771 temporis
1191 3704 1269 3756 loeus
1297 3711 1352 3767 eet,
1384 3722 1466 3773 prae·

319 3790 456 3850 sentibus,
487 3791 535 3841 nbi
566 3794 732 3857 praesentis.
777 3794 836 3843 Nee
863 3791 1041 3857 cogitandum
1075 3791 1109 3841 de
1141 3789 1272 3857 enallage
1303 3796 1464 3856 temporum.

318 3876 434 3928 ridiculo
459 3882 612 3927 commento
630 3878 879 3943 grammaticorum.
915 3878 969 3927 Hic
995 3876 1105 3942 quidem
1126 3875 1284 3941 praeferam
1307 3870 1464 3941 προσήκει.’

320 3963 534 4013 Seheeferne.
574 3962 667 4027 Neque
691 3968 734 4013 eet
757 3961 879 4027 προςῆκε
902 3962 964 4012 loco
988 3962 1145 4028 proesentis
1172 3965 1346 4025 usurpatum,
1375 3976 1463 4026 neque

318 4048 512 4115 προκαλεῖσθε
535 4048 560 4097 lr.
579 4048 595 4097 l.
620 4048 687 4099 mihi
709 4048 819 4099 videtur
847 4064 907 4099 esse
936 4048 1071 4111 futurum,
1102 4060 1266 4112 quemquem
1288 4050 1400 4111 propter
1422 4061 1464 4095 aa·

319 4149 405 4200 quens
423 4126 573 4197 ἀπείρξετε
592 4136 675 4183 etiem
692 4132 813 4183 Cobetus
825 4135 892 4183 Nor.
907 4133 998 4183 Leett.
1017 4150 1043 4198 p.
1056 4134 1107 4184 439
1126 4132 1248 4182 futurum
1266 4145 1327 4181 esre
1345 4132 1462 4196 putavit.

318 4220 387 4271 Nam
406 4218 523 4270 nondum
541 4219 662 4283 perierat
680 4219 722 4269 ius
741 4218 875 4283 donandi,
894 4218 965 4268 hoec
983 4217 1134 4267 deminutio
1153 4216 1260 4266 demum
1279 4216 1373 4266 lutura
1392 4225 1461 4277 erat,

317 4304 427 4371 quando
450 4304 587 4369 Leptinen
611 4319 696 4353 cauea
718 4304 825 4355 vicerit.
865 4302 1010 4353 Sententia
1033 4307 1093 4353 eet:
1123 4302 1186 4351 dum
1210 4301 1300 4351 adhue
1321 4300 1464 4351 honoratio

317 4390 423 4457 plures,
454 4389 532 4439 multi
560 4390 642 4439 etiam
671 4404 741 4439 nune
769 4388 804 4439 ad
832 4387 967 4439 beneficio
993 4388 1159 4450 invitantur,
1187 4385 1237 4436 red
1263 4386 1288 4435 ei
1309 4390 1462 4451 protestate

318 4477 420 4526 emisso
443 4475 579 4527 neminem
606 4474 789 4533 honorabilia,
817 4478 873 4524 tum
899 4488 993 4524 omnes
1021 4471 1206 4523 deterrebitis.
1246 4470 1346 4520 Posset
1368 4475 1461 4521 nutem

317 4560 507 4626 imperfectum
525 4558 649 4626 προςῆκε
668 4558 789 4625 delendi,
808 4560 832 4609 εἰ
850 4558 936 4609 maior
955 4558 1107 4609 arroteritae
1120 4556 1244 4607 codicum
1257 4555 1285 4605 id
1297 4555 1460 4621 postularet.

316 4647 412 4697 Poteet
433 4648 505 4697 enim
529 4646 616 4713 τιμᾶν
634 4662 681 4713 pro
701 4644 856 4712 imperfecti
875 4642 1012 4694 infinitivo
1029 4642 1137 4696 heberi.
1179 4642 1277 4691 ‘Petet
1294 4640 1381 4708 τιμᾶν
1399 4656 1460 4690 esee

1210 4726 1255 4789 2*
