3950 5609
584 612 806 655 nsuosrrraurs
829 614 880 656 oa.
897 612 1062 657 anvuasus
1079 614 1248 661 assumus.
1444 598 1484 661 21

341 755 570 844 ὑπαρχούσαις
591 762 750 843 δωρεαῖς,
772 758 851 838 rods
873 763 1056 847 χρησίμους
1077 760 1177 841 ὄντας
1197 768 1266 829 τῶν
1280 769 1387 850 τιμῶν
1401 764 1487 831 ἀπο-

340 874 483 947 στερεῖν.
514 862 545 927 εἰ
566 858 631 945 γὰρ
648 857 876 946 ὑπαρχουσῶν
891 863 1023 929 τούτων
1038 869 1166 948 φαῦλοι
1182 866 1238 930 καλ
1254 864 1386 945 ἀνάξιοί
1397 891 1487 945 τινες

341 962 423 1029 κατὰ
440 962 511 1030 ’τὸν
531 962 682 1029 τούτων3
708 964 811 1047 λόγον
833 966 934 1030 εἰσίν·
966 968 1002 1029 τί
1020 963 1083 1051 χρὴ
1110 968 1302 1051 προςδοκᾶν
1328 970 1485 1035 ἔσοσθοιι4

340 1067 446 1150 τότε,5
471 1064 554 1131 ὅταν
576 1070 748 1143 παντελῶς
774 1066 857 1152 μηδὲ
884 1066 988 1132 πλέον
1011 1067 1137 1154 μέλλχχῦ
1159 1068 1265 1153 μηδὲν
1286 1065 1391 1135 εἶναι7
1416 1082 1487 1148 τοῖς

339 1178 494 1253 χρηστοῖς
510 1158 625 1246 οὖσινς
1496 1186 1521 1225 ¹⁰

403 1278 433 1337 8.
451 1266 539 1337 ἜτιΙ
563 1273 681 1337 τοίνυν
703 1266 789 1355 ὑμᾶς
810 1268 938 1337 κακῶν
957 1272 1184 1357 ἐνθυμεῖσθαι
1205 1274 1274 1356 dei,
1296 1271 1347 1339 ὅτι
1364 1264 1485 1340 ἐκτῶν

340 1448 505 1525 reipublicae
527 1448 697 1525 prosuerunt.
728 1458 789 1506 num
813 1451 835 1507 si
862 1449 1035 1507 monentibus
1061 1451 1137 1507 hisce
1161 1453 1289 1525 pmcmils
1315 1452 1431 1526 improbi
1457 1462 1485 1511 ct

340 1536 441 1608 indigni
462 1544 526 1592 sunt
547 1534 630 1609 aliqui
657 1552 689 1591 er
712 1536 826 1591 istorum
849 1537 1000 1599 sententia:
1028 1536 1093 1610 quid
1113 1544 1171 1592 tum
1193 1538 1403 1611 exspectandum
1423 1542 1483 1601 crit,

339 1621 446 1694 quando
463 1620 505 1683 lri.
522 1622 569 1695 qul
584 1620 724 1695 praeclare
740 1636 800 1676 scsc
816 1628 928 1695 gerunt,
951 1638 985 1677 ne
1000 1620 1069 1678 lucri
1086 1620 1194 1695 quidem
1211 1622 1358 1696 quidquam
1373 1624 1484 1681 omnino

338 1706 495 1763 inliciunt?

402 1792 431 1849 8.
454 1792 598 1849 Praeterea
613 1792 693 1849 etiem
710 1790 776 1847 illud
792 1790 868 1847 vobis
884 1790 1108 1849 considerandum
1123 1800 1175 1856 est,
1192 1808 1223 1849 ex
1238 1790 1331 1867 legum
1346 1794 1483 1857 instituto,

341 1908 543 1917 --——-——

337 1974 386 2023 pro
409 1958 532 2025 indignis
552 1956 674 2009 habendi
693 1960 795 2012 essent.
830 1956 934 2009 Postea
955 1956 1063 2009 demum
1080 1959 1109 2009 in
1127 1958 1181 2011 hoc
1200 1960 1292 2025 capitc
1312 1966 1485 2027 opponuntur

337 2037 413 2103 τινὲς
431 2046 491 2103 τοῖς
510 2046 647 2111 χρηστοῖς.
685 2041 791 2105 Quodsi
810 2042 864 2093 iam
883 2034 964 2103 τινὰς
981 2042 1126 2109 vulgatum
1143 2045 1356 2110 praecessisset,
1379 2050 1483 2097 temero

336 2128 477 2179 sententie
500 2128 611 2183 rediret.
657 2128 751 2193 Neque
776 2131 819 2178 est
841 2128 866 2177 h.
886 2127 905 2181 l.
928 2142 1004 2179 mera
1031 2127 1161 2195 repetitio
1184 2129 1310 2194 superius
1335 2130 1374 2193 (ξ,
1395 2134 1407 2179 1
1427 2134 1483 2195 sq.)

337 2214 481 2265 (lictorum.
519 2214 605 2264 ‘Sane
625 2212 722 2263 endem
740 2228 812 2263 nunc
829 2214 993 2279 proponitur
1011 2228 1068 2275 res,
1088 2211 1139 2263 sed
1157 2212 1237 2263 modo
1249 2216 1413 2279 proponitur
1429 2230 1483 2265 non

337 2299 444 2353 eodem.
480 2298 543 2374 illic
565 2290 597 2349 τὸ
620 2288 725 2349 ἄδικον
749 2298 788 2348 rei
812 2296 973 2362 respicitur,
998 2296 1046 2347 hic
1068 2288 1102 2348 τὸ
1119 2286 1243 2362 ἄλοχον]
1273 2299 1323 2353 Fr.
1342 2298 1374 2349 Α.
1394 2299 1482 2349 Wol-

337 2384 414 2435 lius.
483 2382 510 2449 3)
530 2378 633 2435 τούτου
656 2382 762 2433 slldetc.
781 2382 814 2432 F.
834 2399 856 2432 ν.
875 2378 973 2431 vinda.
1000 2409 1029 2418 —
1056 2378 1164 2433 τούτων
1182 2383 1215 2433 Σ.
1234 2383 1338 2433 LourS.
1357 2384 1432 2450 vulg.
1451 2412 1483 2421 -

404 2470 443 2503 ων

338 2520 440 2571 τοῦτον
461 2519 560 2571 Vindl.
586 2546 617 2555 -
646 2508 753 2571 τοτ’νων
775 2518 793 2572 i.
813 2534 836 2568 e.
860 2518 989 2583 Leptinis
1012 2517 1127 2583 eiusque
1151 2519 1296 2571 sociorum,
1338 2520 1432 2582 ‘Quod
1454 2522 1483 2571 in

339 2606 417 2657 libris
435 2604 575 2671 plerisque
599 2610 641 2655 est
658 2595 764 2655 τούτων
788 2602 842 2653 etsi
865 2602 899 2653 de
917 2602 1038 2669 Leptine
1062 2604 1175 2668 eiusque
1193 2605 1279 2654 sociis
1295 2604 1418 2669 intelligi
1435 2623 1482 2671 po-

339 2694 406 2753 test,
428 2692 516 2741 minus
539 2694 632 2740 tamen
657 2692 722 2754 epto
746 2688 864 2753 positum
887 2688 961 2739 toret
983 2693 1048 2753 post
1068 2687 1149 2755 plura
1168 2688 1225 2739 alia
1242 2690 1349 2739 numeri
1367 2690 1483 2756 pluralis

337 2778 462 2838 nomina,
491 2790 561 2840 qnae
583 2772 767 2840 praecedunt,
798 2773 871 2823 inter
898 2786 970 2836 qnae
998 2772 1104 2823 nullum
1128 2777 1171 2824 est
1192 2772 1265 2837 quod
1287 2774 1416 2841 Leptinis
1439 2791 1483 2827 so·

336 2861 439 2911 ciorum
456 2858 687 2926 significationum
706 2856 829 2910 habeat!
848 2857 1063 2911 Dindorlius.
1097 2858 1135 2907 m
1153 2859 1189 2909 cf.
1209 2858 1229 2911 l.
1248 2857 1302 2923 leg.
1321 2860 1361 2921 ἕξ.
1378 2862 1420 2915 36.
1439 2863 1481 2913 37.

337 2948 393 2997 150.
414 2947 471 2997 154.
509 2946 609 2995 Orator
627 2944 698 2994 enim
718 2942 821 3008 digito,
846 2943 936 3003 facie,
962 2946 1021 2993 toto
1040 2958 1156 3009 corpore
1175 2958 1308 2994 converso
1327 2944 1363 2995 nd
1383 2945 1481 2995 adver-

335 3031 425 3081 snrios
443 3031 512 3081 sutis
532 3033 627 3095 aperte
646 3026 768 3080 dicebat.
836 3026 863 3089 4)
883 3021 1007 3079 ἔπεσθαι
1026 3028 1068 3077 sic
1085 3027 1185 3079 vinus.
1205 3028 1304 3093 prital.
1368 3027 1394 3093 5)
1413 3046 1482 3081 noce

336 3116 432 3167 Vindl.
502 3116 530 3176 6)
548 3109 618 3180 μέλῃ
636 3113 697 3164 Ald.
717 3138 749 3149 -
773 3128 816 3163 om
833 3108 873 3165 Ω.
943 3110 969 3175 7)
989 3106 1063 3178 μηδὲ
1081 3107 1169 3165 πλέον
1187 3107 1275 3180 μέλλῃ
1292 3107 1386 3179 μηδὲν
1405 3108 1482 3166 εἶναι

336 3201 369 3253 Σ,
389 3200 492 3251 LourS.
510 3227 541 3235 -
562 3198 607 3249 πλ.
627 3194 714 3265 μέλλῃ
731 3192 805 3263 μηδὲ
824 3192 916 3264 μηδὲν
934 3188 1011 3248 εἶναι
1030 3196 1130 3247 vinda.
1149 3224 1180 3233 -
1200 3191 1275 3263 μηδὲ
1294 3214 1336 3248 om
1355 3200 1430 3265 vulg.
1449 3226 1481 3234 -

335 3280 427 3351 μηδὲν
445 3278 532 3335 πλέον
549 3279 637 3349 μέλλῃ
655 3275 732 3335 εἶναι
750 3282 802 3331 hoc
821 3282 900 3332 lristu
920 3281 1096 3332 scribendum
1110 3298 1171 3334 csse
1184 3283 1266 3333 iussit
1278 3282 1400 3334 Cobetus
1412 3284 1481 3338 Nor.

336 3370 427 3423 Lectt.
445 3386 470 3435 p.
484 3368 544 3418 628.
581 3366 636 3417 Sed
655 3367 758 3432 optime
777 3366 903 3416 Klotzlus
921 3366 1049 3427 Quaestt.
1069 3364 1137 3416 Crit.
1155 3384 1182 3433 p.
1195 3370 1229 3418 94
1247 3369 1363 3419 monuit:
1381 3368 1480 3431 .‘Loci,

336 3454 382 3503 nbi
405 3444 474 3505 eidi
497 3452 541 3503 vel
565 3446 638 3517 μηδὲ
661 3450 799 3517 particula
823 3450 1009 3515 praemittitur
1032 3456 1060 3501 et
1082 3466 1132 3517 per
1155 3452 1292 3518 quondum
1314 3454 1481 3518 epexegesin

336 3530 423 3590 οὐδέν
444 3537 489 3589 vel
507 3530 598 3603 μηδέν
622 3537 759 3602 seqnitur,
782 3551 867 3601 saepe
891 3536 1001 3585 suntin
1019 3536 1202 3601 suspicionem
1223 3536 1349 3598 adducti,
1374 3554 1482 3603 semper

337 3628 429 3674 alitem
451 3622 494 3673 his
518 3636 626 3687 quoque
649 3622 678 3671 ln
700 3620 770 3672 locis
793 3618 866 3670 istud
888 3620 1001 3671 verbnm
1024 3636 1076 3686 qno
1100 3624 1221 3688 pertinet
1245 3616 1314 3673 οὐδὲ
1337 3622 1382 3673 vel
1404 3618 1479 3688 μηδέ

334 3709 450 3759 maxime
470 3706 582 3757 effertur
600 3707 628 3756 in
647 3706 780 3757 oratione.
815 3706 893 3758 Dem.
907 3704 967 3758 Cor.
980 3706 1004 3767 ξ.
1019 3708 1076 3758 18ss
1095 3706 1115 3757 i.
1129 3706 1183 3773 leg.
1196 3708 1221 3769 5.
1236 3710 1293 3760 118.
1325 3708 1408 3773 Lept.
1420 3710 1443 3769 §-
1457 3710 1480 3758 i.

334 3794 420 3844 llliror
438 3797 530 3843 autem
549 3790 621 3857 qnod
640 3790 808 3843 Schacferns
826 3806 855 3841 se
874 3792 989 3857 negavit
1013 3790 1079 3855 qnid
1100 3786 1174 3858 μηδὲ
1196 3792 1242 3843 hic
1265 3792 1376 3844 valeret
1397 3794 1480 3845 intel-

335 3878 432 3944 ligere.
458 3882 501 3928 est
525 3879 597 3927 cuim
620 3876 673 3927 hoc
696 3877 755 3927 lere
774 3876 854 3927 modo
874 3875 992 3926 dictum=
1022 3894 1094 3942 quum
1118 3880 1216 3929 omnino
1240 3894 1271 3928 nc
1295 3880 1360 3929 lucri
1383 3880 1481 3944 quidem

332 3966 430 4027 facturi
450 3966 502 4014 sint
523 3966 655 4029 quicquum
676 3964 700 4011 si
716 3964 759 4027 qui
774 3961 834 4013 boui
849 3963 901 4012 sint
917 3962 998 4021 cloes,
1021 3964 1109 4013 nedum
1129 3972 1157 4012 ut
1173 3965 1238 4013 sutis
1254 3965 1332 4028 dignu
1348 3966 1422 4014 laude
1439 3981 1481 4014 or-

334 4057 433 4102 nentur.
477 4048 580 4099 Eodcm
607 4046 687 4097 modo
709 4047 870 4113 Antiphoni.
895 4045 941 4097 Or.
971 4047 1014 4098 De
1038 4046 1133 4097 Caede
1156 4048 1277 4099 Herodis
1303 4049 1328 4109 ξ.
1349 4050 1380 4099 16
1405 4042 1479 4114 μηδὲ

333 4128 420 4185 πλέον
439 4124 516 4183 εἶναι
535 4133 635 4183 dictum
658 4130 718 4183 est.'

401 4212 430 4273 8.
467 4216 492 4283 1)
511 4219 551 4280 §l-
570 4218 663 4269 8-10
686 4232 746 4268 cum
771 4218 794 4277 5.
816 4218 846 4268 18
869 4217 968 4269 melius
991 4222 1192 4269 connectuntur
1215 4234 1296 4283 quam
1315 4234 1376 4269 cum
1395 4220 1418 4280 ξ.
1438 4221 1478 4282 ll,

334 4304 428 4368 itaque
446 4307 509 4369 post
526 4304 550 4365 ἓ.
571 4304 601 4353 li
622 4301 843 4368 transponendae
863 4318 923 4354 esse
945 4303 1074 4355 videntur
1092 4303 1234 4355 Nitasclrio
1257 4304 1300 4353 De
1318 4304 1479 4355 traiciendis

334 4389 460 4454 portibus
479 4404 504 4453 p.
521 4390 554 4439 92
573 4404 633 4453 sqq.
668 4386 798 4439 Attamen
817 4387 916 4441 τοίνυν
936 4392 960 4452 9.
979 4391 997 4440 8
1021 4394 1064 4439 est
1081 4381 1287 4455 μεταβατικόν,
1310 4404 1365 4440 nou
1382 4390 1478 4441 συλλο-

334 4464 474 4540 χιστικόν,
504 4488 558 4538 qua
586 4472 725 4538 particula
753 4473 787 4523 cd
811 4474 894 4524 aliam
918 4489 975 4524 rem
1003 4478 1098 4525 orator
1118 4472 1335 4541 transgreditur,
1358 4490 1414 4525 non
1436 4492 1478 4526 sc·

334 4558 448 4624 quentin
466 4557 607 4609 concludit
624 4574 639 4608 e
658 4560 839 4624 praegressis.
860 4588 891 4599 -
914 4560 1055 4611 Proxime:
1080 4558 1186 4625 κυρίων
1202 4553 1297 4625 νόμων
1315 4575 1478 4626 quemqnam

333 4634 427 4708 νόμων
446 4644 571 4707 superius
589 4643 674 4694 hnbet
692 4644 791 4697 Vindl.
1379 4652 1383 4659 '
