<?xml version="1.0" encoding="UTF-8"?>
<!DOCTYPE html PUBLIC "-//W3C//DTD XHTML 1.0 Transitional//EN"
    "http://www.w3.org/TR/xhtml1/DTD/xhtml1-transitional.dtd">
<html xmlns="http://www.w3.org/1999/xhtml" xml:lang="en" lang="en">
 <head>
  <title>
</title>
<meta http-equiv="Content-Type" content="text/html;charset=utf-8" />
  <meta name='ocr-system' content='tesseract 3.04.00' />
  <meta name='ocr-capabilities' content='ocr_page ocr_carea ocr_par ocr_line ocrx_word'/>
</head>
<body>
  <div class='ocr_page' id='page_1' title='image "./demosthenisorat08demogoog_0059.png"; bbox 0 0 3950 5609; ppageno 0'>
   <div class='ocr_carea' id='block_1_1' title="bbox 570 463 1473 527">
    <p class='ocr_par' dir='ltr' id='par_1_1' title="bbox 570 463 1473 527">
     <span class='ocr_line' id='line_1_1' title="bbox 570 463 1473 527; baseline 0.007 -6"><span class='ocrx_word' id='word_1_1' title='bbox 570 476 793 521; x_wconf 81' lang='lat' dir='ltr'><strong>nanoennnam</strong></span> <span class='ocrx_word' id='word_1_2' title='bbox 808 477 857 521; x_wconf 81' lang='lat' dir='ltr'><strong>oa.</strong></span> <span class='ocrx_word' id='word_1_3' title='bbox 874 476 1037 522; x_wconf 82' lang='lat' dir='ltr'><strong>anvnnana</strong></span> <span class='ocrx_word' id='word_1_4' title='bbox 1054 480 1221 523; x_wconf 72' lang='lat' dir='ltr'><strong>neaeman.</strong></span> <span class='ocrx_word' id='word_1_5' title='bbox 1431 463 1473 527; x_wconf 76' lang='lat'><strong>39</strong></span> 
     </span>
    </p>
   </div>
   <div class='ocr_carea' id='block_1_2' title="bbox 287 620 1532 1429">
    <p class='ocr_par' dir='ltr' id='par_1_2' title="bbox 322 620 1472 713">
     <span class='ocr_line' id='line_1_2' title="bbox 322 620 1472 713; baseline 0.003 -21"><span class='ocrx_word' id='word_1_6' title='bbox 322 627 448 705; x_wconf 75' lang='grc' dir='ltr'><strong><em>θέντας</em></strong></span> <span class='ocrx_word' id='word_1_7' title='bbox 476 624 558 710; x_wconf 73' lang='grc' dir='ltr'><strong>Ἐγώ</strong></span> <span class='ocrx_word' id='word_1_8' title='bbox 579 626 642 711; x_wconf 75' lang='grc' dir='ltr'><strong><em>μὲν</em></strong></span> <span class='ocrx_word' id='word_1_9' title='bbox 664 624 767 692; x_wconf 80' lang='grc' dir='ltr'><strong><em>ἐκεῖν’</em></strong></span> <span class='ocrx_word' id='word_1_10' title='bbox 789 620 913 710; x_wconf 73' lang='grc' dir='ltr'><strong>οἶμαι.5</strong></span> <span class='ocrx_word' id='word_1_11' title='bbox 942 630 1010 691; x_wconf 83' lang='grc' dir='ltr'><strong>νῦν</strong></span> <span class='ocrx_word' id='word_1_12' title='bbox 1030 626 1096 711; x_wconf 75' lang='grc' dir='ltr'><strong><em>μέν</em></strong></span> <span class='ocrx_word' id='word_1_13' title='bbox 1111 628 1170 710; x_wconf 81' lang='grc' dir='ltr'><strong>γι6</strong></span> <span class='ocrx_word' id='word_1_14' title='bbox 1184 625 1246 693; x_wconf 82' lang='grc' dir='ltr'><strong>τὸν</strong></span> <span class='ocrx_word' id='word_1_15' title='bbox 1267 629 1393 713; x_wconf 79' lang='grc' dir='ltr'><strong><em>χρόνον</em></strong></span> <span class='ocrx_word' id='word_1_16' title='bbox 1413 627 1472 696; x_wconf 80' lang='lat' dir='ltr'><strong>tv⁷</strong></span> 
     </span>
    </p>

    <p class='ocr_par' dir='ltr' id='par_1_3' title="bbox 324 726 1471 814">
     <span class='ocr_line' id='line_1_3' title="bbox 324 726 1471 814; baseline 0.003 -19"><span class='ocrx_word' id='word_1_17' title='bbox 324 726 388 794; x_wconf 71' lang='grc' dir='ltr'><strong>ἄν8</strong></span> <span class='ocrx_word' id='word_1_18' title='bbox 410 727 540 795; x_wconf 80' lang='grc' dir='ltr'><strong><em>τούτων</em></strong></span> <span class='ocrx_word' id='word_1_19' title='bbox 560 726 698 805; x_wconf 77' lang='grc' dir='ltr'><strong><em>ἕκαστος</em></strong></span> <span class='ocrx_word' id='word_1_20' title='bbox 725 730 924 813; x_wconf 76' lang='grc' dir='ltr'><strong>ιῑτιτουογῇ9</strong></span> <span class='ocrx_word' id='word_1_21' title='bbox 945 728 1089 793; x_wconf 75' lang='grc' dir='ltr'><strong><em>δίδωσιν</em></strong></span> <span class='ocrx_word' id='word_1_22' title='bbox 1112 726 1174 814; x_wconf 75' lang='grc' dir='ltr'><strong><em>τήν</em></strong></span> <span class='ocrx_word' id='word_1_23' title='bbox 1195 726 1389 797; x_wconf 78' lang='grc' dir='ltr'><em>ἀνάπαυσιν</em></span> <span class='ocrx_word' id='word_1_24' title='bbox 1408 731 1471 798; x_wconf 77' lang='grc' dir='ltr'><strong><em>αι’-</em></strong></span> 
     </span>
    </p>

    <p class='ocr_par' dir='ltr' id='par_1_4' title="bbox 324 827 1472 916">
     <span class='ocr_line' id='line_1_4' title="bbox 324 827 1472 916; baseline 0.005 -21"><span class='ocrx_word' id='word_1_25' title='bbox 324 832 430 907; x_wconf 75' lang='grc' dir='ltr'><strong>τοῖςιο</strong></span> <span class='ocrx_word' id='word_1_26' title='bbox 449 831 570 916; x_wconf 82' lang='grc' dir='ltr'><strong><em>μόνον,</em></strong></span> <span class='ocrx_word' id='word_1_27' title='bbox 592 828 674 915; x_wconf 81' lang='grc' dir='ltr'><strong><em>μετὰ</em></strong></span> <span class='ocrx_word' id='word_1_28' title='bbox 689 830 825 897; x_wconf 75' lang='grc' dir='ltr'><strong>ταῦτα11</strong></span> <span class='ocrx_word' id='word_1_29' title='bbox 850 827 882 894; x_wconf 88' lang='lat' dir='ltr'><strong>d&#39;</strong></span> <span class='ocrx_word' id='word_1_30' title='bbox 899 827 1004 897; x_wconf 76' lang='grc' dir='ltr'><strong><em>οὐδὲν</em></strong></span> <span class='ocrx_word' id='word_1_31' title='bbox 1018 833 1158 897; x_wconf 83' lang='grc' dir='ltr'><strong><em>ἔλαττον</em></strong></span> <span class='ocrx_word' id='word_1_32' title='bbox 1172 832 1311 911; x_wconf 79' lang='grc' dir='ltr'><strong><em>ἕκαστος</em></strong></span> <span class='ocrx_word' id='word_1_33' title='bbox 1325 832 1441 901; x_wconf 80' lang='grc' dir='ltr'><strong><em>αὐτῶν</em></strong></span> <span class='ocrx_word' id='word_1_34' title='bbox 1449 837 1472 876; x_wconf 84' lang='lat'><strong>¹²</strong></span> 
     </span>
    </p>

    <p class='ocr_par' dir='ltr' id='par_1_5' title="bbox 287 929 1532 1123">
     <span class='ocr_line' id='line_1_5' title="bbox 326 929 1532 1019; baseline 0 -20"><span class='ocrx_word' id='word_1_35' title='bbox 326 930 539 999; x_wconf 74' lang='grc' dir='ltr'><strong>ἀναλώσει.13</strong></span> <span class='ocrx_word' id='word_1_36' title='bbox 572 932 647 998; x_wconf 85' lang='grc' dir='ltr'><strong><em>τότε</em></strong></span> <span class='ocrx_word' id='word_1_37' title='bbox 670 929 702 997; x_wconf 89' lang='lat' dir='ltr'><strong>d&#39;</strong></span> <span class='ocrx_word' id='word_1_38' title='bbox 725 930 786 1017; x_wconf 78' lang='grc' dir='ltr'><strong><em>ἄν,</em></strong></span> <span class='ocrx_word' id='word_1_39' title='bbox 816 936 938 1017; x_wconf 82' lang='grc' dir='ltr'><strong><em>μικρᾶς</em></strong></span> <span class='ocrx_word' id='word_1_40' title='bbox 965 936 1160 1010; x_wconf 78' lang='grc' dir='ltr'><strong><em>συντελείας</em></strong></span> <span class='ocrx_word' id='word_1_41' title='bbox 1185 932 1251 1000; x_wconf 75' lang='grc' dir='ltr'><strong>ἀπὸ</strong></span> <span class='ocrx_word' id='word_1_42' title='bbox 1271 940 1341 1001; x_wconf 76' lang='grc' dir='ltr'><strong>τῶν</strong></span> <span class='ocrx_word' id='word_1_43' title='bbox 1361 934 1470 1019; x_wconf 84' lang='grc' dir='ltr'><strong><em>ὑααρ-</em></strong></span> <span class='ocrx_word' id='word_1_44' title='bbox 1481 951 1532 1001; x_wconf 77' lang='grc'><strong>461</strong></span> 
     </span>
     <span class='ocr_line' id='line_1_6' title="bbox 287 1028 1472 1123; baseline 0.003 -22"><span class='ocrx_word' id='word_1_45' title='bbox 287 1091 291 1101; x_wconf 91' lang='grc'><em>.</em></span> <span class='ocrx_word' id='word_1_46' title='bbox 325 1035 456 1121; x_wconf 82' lang='grc' dir='ltr'><strong><em>χόντοιν</em></strong></span> <span class='ocrx_word' id='word_1_47' title='bbox 471 1033 598 1123; x_wconf 78' lang='grc' dir='ltr'><strong><em>ἑκάστῳ</em></strong></span> <span class='ocrx_word' id='word_1_48' title='bbox 613 1035 824 1120; x_wconf 81' lang='grc' dir='ltr'><strong><em>γιγνομένης,</em></strong></span> <span class='ocrx_word' id='word_1_49' title='bbox 841 1031 944 1101; x_wconf 70' lang='grc' dir='ltr'><strong><em>οὐδὲν</em></strong></span> <span class='ocrx_word' id='word_1_50' title='bbox 959 1035 1105 1119; x_wconf 80' lang='grc' dir='ltr'><strong><em>ἔπασχεν</em></strong></span> <span class='ocrx_word' id='word_1_51' title='bbox 1120 1034 1238 1102; x_wconf 76' lang='grc' dir='ltr'><strong><em>δεινόν</em></strong></span> <span class='ocrx_word' id='word_1_52' title='bbox 1252 1035 1375 1122; x_wconf 78' lang='grc' dir='ltr'><strong><em>οὐδείς,</em></strong></span> <span class='ocrx_word' id='word_1_53' title='bbox 1394 1028 1472 1105; x_wconf 78' lang='grc' dir='ltr'><strong><em>οὐδ’</em></strong></span> 
     </span>
    </p>

    <p class='ocr_par' dir='ltr' id='par_1_6' title="bbox 324 1128 865 1222">
     <span class='ocr_line' id='line_1_7' title="bbox 324 1128 865 1222; baseline -0.004 -18"><span class='ocrx_word' id='word_1_54' title='bbox 324 1138 358 1204; x_wconf 84' lang='lat' dir='ltr'><strong>et’</strong></span> <span class='ocrx_word' id='word_1_55' title='bbox 370 1136 462 1203; x_wconf 81' lang='grc' dir='ltr'><strong><em>πάνυ</em></strong></span> <span class='ocrx_word' id='word_1_56' title='bbox 476 1133 580 1221; x_wconf 81' lang='grc' dir='ltr'><strong><em>μικρὰ</em></strong></span> <span class='ocrx_word' id='word_1_57' title='bbox 594 1136 796 1221; x_wconf 79' lang='grc' dir='ltr'><strong><em>κεκτημένος</em></strong></span> <span class='ocrx_word' id='word_1_58' title='bbox 809 1128 865 1222; x_wconf 80' lang='grc' dir='ltr'><strong><em>ἦν.</em></strong></span> 
     </span>
    </p>

    <p class='ocr_par' dir='ltr' id='par_1_7' title="bbox 323 1230 1498 1429">
     <span class='ocr_line' id='line_1_8' title="bbox 410 1230 1471 1327; baseline 0.004 -24"><span class='ocrx_word' id='word_1_59' title='bbox 410 1246 461 1303; x_wconf 80' lang='lat'><strong>24.</strong></span> <span class='ocrx_word' id='word_1_60' title='bbox 488 1237 588 1305; x_wconf 79' lang='grc' dir='ltr'><strong><em>Οὕτω</em></strong></span> <span class='ocrx_word' id='word_1_61' title='bbox 603 1242 722 1305; x_wconf 86' lang='grc' dir='ltr'><strong><em>τοίνυν</em></strong></span> <span class='ocrx_word' id='word_1_62' title='bbox 737 1238 841 1322; x_wconf 81' lang='grc' dir='ltr'><strong><em>τινές,</em></strong></span> <span class='ocrx_word' id='word_1_63' title='bbox 859 1230 886 1304; x_wconf 75' lang='grc' dir='ltr'><strong>ω’</strong></span> <span class='ocrx_word' id='word_1_64' title='bbox 901 1236 1024 1323; x_wconf 78' lang='grc' dir='ltr'><strong><em>ἄνδρες</em></strong></span> <span class='ocrx_word' id='word_1_65' title='bbox 1037 1234 1221 1325; x_wconf 76' lang='grc' dir='ltr'><strong><em>Ἀθηναῖοι,</em></strong></span> <span class='ocrx_word' id='word_1_66' title='bbox 1237 1241 1358 1327; x_wconf 79' lang='grc' dir='ltr'><strong><em>σφόδρ’</em></strong></span> <span class='ocrx_word' id='word_1_67' title='bbox 1373 1245 1471 1327; x_wconf 79' lang='grc' dir='ltr'><strong><em>ἔχου.-</em></strong></span> 
     </span>
     <span class='ocr_line' id='line_1_9' title="bbox 323 1336 1498 1429; baseline 0.001 -21"><span class='ocrx_word' id='word_1_68' title='bbox 323 1359 381 1408; x_wconf 92' lang='grc' dir='ltr'><strong>σιν</strong></span> <span class='ocrx_word' id='word_1_69' title='bbox 402 1336 603 1424; x_wconf 75' lang='grc' dir='ltr'><strong><em>ἀλογίστως,</em></strong></span> <span class='ocrx_word' id='word_1_70' title='bbox 625 1338 700 1417; x_wconf 69' lang='lat' dir='ltr'><strong>dise&#39;</strong></span> <span class='ocrx_word' id='word_1_71' title='bbox 718 1340 926 1425; x_wconf 77' lang='grc' dir='ltr'><strong><em>ἐπιχειροῦσι</em></strong></span> <span class='ocrx_word' id='word_1_72' title='bbox 943 1344 1055 1425; x_wconf 80' lang='grc' dir='ltr'><strong><em>λέγειν</em></strong></span> <span class='ocrx_word' id='word_1_73' title='bbox 1070 1339 1154 1427; x_wconf 78' lang='grc' dir='ltr'><strong><em>πρὸς</em></strong></span> <span class='ocrx_word' id='word_1_74' title='bbox 1168 1342 1231 1427; x_wconf 77' lang='grc' dir='ltr'><strong><em>μὲν</em></strong></span> <span class='ocrx_word' id='word_1_75' title='bbox 1245 1342 1342 1409; x_wconf 86' lang='grc' dir='ltr'><strong><em>ταῦτ’</em></strong></span> <span class='ocrx_word' id='word_1_76' title='bbox 1358 1341 1471 1429; x_wconf 79' lang='grc' dir='ltr'><strong><em>οὐδέν,</em></strong></span> <span class='ocrx_word' id='word_1_77' title='bbox 1485 1371 1498 1409; x_wconf 88' lang='lat'><strong>5</strong></span> 
     </span>
    </p>
   </div>
   <div class='ocr_carea' id='block_1_3' title="bbox 322 1536 1472 2209">
    <p class='ocr_par' dir='ltr' id='par_1_8' title="bbox 322 1536 1472 2039">
     <span class='ocr_line' id='line_1_10' title="bbox 324 1536 1471 1616; baseline 0.003 -22"><span class='ocrx_word' id='word_1_78' title='bbox 324 1539 397 1600; x_wconf 82' lang='lat' dir='ltr'><strong>fieri.</strong></span> <span class='ocrx_word' id='word_1_79' title='bbox 418 1554 451 1594; x_wconf 84' lang='lat' dir='ltr'><strong>an</strong></span> <span class='ocrx_word' id='word_1_80' title='bbox 473 1538 506 1595; x_wconf 92' lang='lat' dir='ltr'><strong>de</strong></span> <span class='ocrx_word' id='word_1_81' title='bbox 527 1536 667 1611; x_wconf 68' lang='lat' dir='ltr'><strong>republica</strong></span> <span class='ocrx_word' id='word_1_82' title='bbox 688 1536 757 1593; x_wconf 75' lang='lat' dir='ltr'><strong>liene</strong></span> <span class='ocrx_word' id='word_1_83' title='bbox 778 1537 883 1595; x_wconf 80' lang='lat' dir='ltr'><strong>meritis</strong></span> <span class='ocrx_word' id='word_1_84' title='bbox 905 1538 973 1613; x_wconf 80' lang='lat' dir='ltr'><strong>eripi</strong></span> <span class='ocrx_word' id='word_1_85' title='bbox 999 1554 1068 1611; x_wconf 84' lang='lat' dir='ltr'><strong>quae</strong></span> <span class='ocrx_word' id='word_1_86' title='bbox 1089 1537 1230 1616; x_wconf 83' lang='lat' dir='ltr'><strong>dedimus?</strong></span> <span class='ocrx_word' id='word_1_87' title='bbox 1258 1540 1389 1614; x_wconf 84' lang='lat' dir='ltr'>Equidem</span> <span class='ocrx_word' id='word_1_88' title='bbox 1405 1541 1471 1598; x_wconf 88' lang='lat' dir='ltr'><strong>alte·</strong></span> 
     </span>
     <span class='ocr_line' id='line_1_11' title="bbox 324 1620 1472 1700; baseline 0.003 -20"><span class='ocrx_word' id='word_1_89' title='bbox 324 1638 384 1680; x_wconf 80' lang='lat' dir='ltr'><strong>nain</strong></span> <span class='ocrx_word' id='word_1_90' title='bbox 405 1621 473 1679; x_wconf 88' lang='lat' dir='ltr'><strong>illud</strong></span> <span class='ocrx_word' id='word_1_91' title='bbox 494 1620 685 1697; x_wconf 76' lang='lat' dir='ltr'>praestabilius</span> <span class='ocrx_word' id='word_1_92' title='bbox 707 1624 867 1679; x_wconf 83' lang='lat' dir='ltr'><strong>censuerim.</strong></span> <span class='ocrx_word' id='word_1_93' title='bbox 899 1622 1033 1697; x_wconf 90' lang='lat' dir='ltr'><strong>siquidem</strong></span> <span class='ocrx_word' id='word_1_94' title='bbox 1054 1638 1128 1679; x_wconf 87' lang='lat' dir='ltr'><strong>nune</strong></span> <span class='ocrx_word' id='word_1_95' title='bbox 1148 1632 1254 1679; x_wconf 88' lang='lat' dir='ltr'><strong>tantum</strong></span> <span class='ocrx_word' id='word_1_96' title='bbox 1270 1642 1325 1700; x_wconf 89' lang='lat' dir='ltr'><strong>quo</strong></span> <span class='ocrx_word' id='word_1_97' title='bbox 1348 1634 1472 1700; x_wconf 87' lang='lat' dir='ltr'><strong>tempore</strong></span> 
     </span>
     <span class='ocr_line' id='line_1_12' title="bbox 323 1707 1471 1786; baseline 0.003 -22"><span class='ocrx_word' id='word_1_98' title='bbox 323 1709 422 1765; x_wconf 83' lang='lat' dir='ltr'><strong>horum</strong></span> <span class='ocrx_word' id='word_1_99' title='bbox 444 1709 562 1783; x_wconf 84' lang='lat' dir='ltr'><strong>quisque</strong></span> <span class='ocrx_word' id='word_1_100' title='bbox 581 1722 693 1763; x_wconf 85' lang='lat' dir='ltr'><strong>inunera</strong></span> <span class='ocrx_word' id='word_1_101' title='bbox 715 1716 807 1771; x_wconf 84' lang='lat' dir='ltr'><strong>curat.</strong></span> <span class='ocrx_word' id='word_1_102' title='bbox 836 1707 1017 1765; x_wconf 75' lang='lat' dir='ltr'><strong>cessationem</strong></span> <span class='ocrx_word' id='word_1_103' title='bbox 1034 1708 1151 1782; x_wconf 82' lang='lat' dir='ltr'><strong>aliquam</strong></span> <span class='ocrx_word' id='word_1_104' title='bbox 1173 1710 1206 1765; x_wconf 88' lang='lat' dir='ltr'><strong>iis</strong></span> <span class='ocrx_word' id='word_1_105' title='bbox 1230 1710 1369 1773; x_wconf 82' lang='lat' dir='ltr'><strong>coneedit.</strong></span> <span class='ocrx_word' id='word_1_106' title='bbox 1394 1720 1471 1786; x_wconf 92' lang='lat' dir='ltr'><strong>post·</strong></span> 
     </span>
     <span class='ocr_line' id='line_1_13' title="bbox 323 1792 1471 1870; baseline 0.002 -20"><span class='ocrx_word' id='word_1_107' title='bbox 323 1810 355 1850; x_wconf 88' lang='lat' dir='ltr'><strong>ea</strong></span> <span class='ocrx_word' id='word_1_108' title='bbox 376 1802 502 1868; x_wconf 82' lang='lat' dir='ltr'><strong>sumptus</strong></span> <span class='ocrx_word' id='word_1_109' title='bbox 524 1810 575 1867; x_wconf 87' lang='lat' dir='ltr'><strong>pro</strong></span> <span class='ocrx_word' id='word_1_110' title='bbox 597 1809 626 1848; x_wconf 89' lang='lat' dir='ltr'><strong>se</strong></span> <span class='ocrx_word' id='word_1_111' title='bbox 648 1794 746 1867; x_wconf 88' lang='lat' dir='ltr'><strong>cuique</strong></span> <span class='ocrx_word' id='word_1_112' title='bbox 767 1792 853 1849; x_wconf 84' lang='lat' dir='ltr'>nihilo</span> <span class='ocrx_word' id='word_1_113' title='bbox 875 1794 965 1856; x_wconf 87' lang='lat' dir='ltr'><strong>minus</strong></span> <span class='ocrx_word' id='word_1_114' title='bbox 988 1793 1116 1857; x_wconf 81' lang='lat' dir='ltr'><strong>laetaris,</strong></span> <span class='ocrx_word' id='word_1_115' title='bbox 1137 1802 1195 1850; x_wconf 89' lang='lat' dir='ltr'><strong>tum</strong></span> <span class='ocrx_word' id='word_1_116' title='bbox 1217 1812 1281 1852; x_wconf 85' lang='lat' dir='ltr'><strong>vero</strong></span> <span class='ocrx_word' id='word_1_117' title='bbox 1301 1812 1382 1870; x_wconf 83' lang='lat' dir='ltr'><strong>panea</strong></span> <span class='ocrx_word' id='word_1_118' title='bbox 1404 1798 1471 1853; x_wconf 84' lang='lat' dir='ltr'><strong>‹lun-</strong></span> 
     </span>
     <span class='ocr_line' id='line_1_14' title="bbox 323 1876 1470 1956; baseline 0.003 -21"><span class='ocrx_word' id='word_1_119' title='bbox 323 1886 398 1936; x_wconf 81' lang='lat' dir='ltr'><strong>tanat</strong></span> <span class='ocrx_word' id='word_1_120' title='bbox 430 1878 576 1935; x_wconf 83' lang='lat' dir='ltr'><strong>collatione</strong></span> <span class='ocrx_word' id='word_1_121' title='bbox 601 1894 617 1935; x_wconf 88' lang='lat' dir='ltr'><strong>a</strong></span> <span class='ocrx_word' id='word_1_122' title='bbox 638 1878 753 1952; x_wconf 81' lang='lat' dir='ltr'><strong>singulis</strong></span> <span class='ocrx_word' id='word_1_123' title='bbox 774 1876 807 1934; x_wconf 88' lang='lat' dir='ltr'><strong>de</strong></span> <span class='ocrx_word' id='word_1_124' title='bbox 832 1896 868 1934; x_wconf 85' lang='lat' dir='ltr'><strong>re·</strong></span> <span class='ocrx_word' id='word_1_125' title='bbox 886 1894 934 1935; x_wconf 88' lang='lat' dir='ltr'><strong>sua</strong></span> <span class='ocrx_word' id='word_1_126' title='bbox 961 1878 1087 1935; x_wconf 80' lang='lat' dir='ltr'><strong>familiari</strong></span> <span class='ocrx_word' id='word_1_127' title='bbox 1113 1878 1197 1942; x_wconf 86' lang='lat' dir='ltr'><strong>taeta.</strong></span> <span class='ocrx_word' id='word_1_128' title='bbox 1223 1896 1303 1937; x_wconf 89' lang='lat' dir='ltr'><strong>nemo</strong></span> <span class='ocrx_word' id='word_1_129' title='bbox 1329 1891 1402 1939; x_wconf 81' lang='lat' dir='ltr'><strong>esset</strong></span> <span class='ocrx_word' id='word_1_130' title='bbox 1423 1884 1470 1956; x_wconf 83' lang='lat' dir='ltr'><strong>qui</strong></span> 
     </span>
     <span class='ocr_line' id='line_1_15' title="bbox 322 1964 1221 2039; baseline 0 -19"><span class='ocrx_word' id='word_1_131' title='bbox 322 1964 422 2021; x_wconf 87' lang='lat' dir='ltr'><strong>merito</strong></span> <span class='ocrx_word' id='word_1_132' title='bbox 438 1980 468 2021; x_wconf 87' lang='lat' dir='ltr'><strong>ee</strong></span> <span class='ocrx_word' id='word_1_133' title='bbox 485 1965 591 2039; x_wconf 78' lang='lat' dir='ltr'><strong>gravari</strong></span> <span class='ocrx_word' id='word_1_134' title='bbox 607 1971 782 2038; x_wconf 81' lang='lat' dir='ltr'><strong>quereretur.</strong></span> <span class='ocrx_word' id='word_1_135' title='bbox 806 1965 979 2039; x_wconf 85' lang='lat' dir='ltr'><strong>quantumvis</strong></span> <span class='ocrx_word' id='word_1_136' title='bbox 1000 1981 1031 2020; x_wconf 86' lang='lat' dir='ltr'><strong>re</strong></span> <span class='ocrx_word' id='word_1_137' title='bbox 1047 1966 1122 2020; x_wconf 84' lang='lat' dir='ltr'><strong>tenui</strong></span> <span class='ocrx_word' id='word_1_138' title='bbox 1137 1973 1221 2023; x_wconf 88' lang='lat' dir='ltr'><strong>esset.</strong></span> 
     </span>
    </p>

    <p class='ocr_par' dir='ltr' id='par_1_9' title="bbox 322 2048 1471 2209">
     <span class='ocr_line' id='line_1_16' title="bbox 409 2048 1471 2125; baseline 0.003 -20"><span class='ocrx_word' id='word_1_139' title='bbox 409 2048 460 2105; x_wconf 76' lang='lat'><strong>24.</strong></span> <span class='ocrx_word' id='word_1_140' title='bbox 482 2048 640 2113; x_wconf 83' lang='lat' dir='ltr'><strong>Enimvero.</strong></span> <span class='ocrx_word' id='word_1_141' title='bbox 666 2050 862 2111; x_wconf 76' lang='lat' dir='ltr'><strong>Athenienses,</strong></span> <span class='ocrx_word' id='word_1_142' title='bbox 889 2055 964 2105; x_wconf 85' lang='lat' dir='ltr'><strong>tante</strong></span> <span class='ocrx_word' id='word_1_143' title='bbox 985 2057 1027 2106; x_wconf 85' lang='lat' dir='ltr'><strong>eat</strong></span> <span class='ocrx_word' id='word_1_144' title='bbox 1047 2049 1217 2124; x_wconf 83' lang='lat' dir='ltr'><strong>quorundam</strong></span> <span class='ocrx_word' id='word_1_145' title='bbox 1238 2051 1421 2125; x_wconf 88' lang='lat' dir='ltr'><strong>imprudentia</strong></span> <span class='ocrx_word' id='word_1_146' title='bbox 1440 2060 1471 2108; x_wconf 89' lang='lat' dir='ltr'><strong>ut</strong></span> 
     </span>
     <span class='ocr_line' id='line_1_17' title="bbox 322 2133 1470 2209; baseline 0.002 -18"><span class='ocrx_word' id='word_1_147' title='bbox 322 2134 405 2208; x_wconf 81' lang='lat' dir='ltr'><strong>haee,</strong></span> <span class='ocrx_word' id='word_1_148' title='bbox 427 2151 496 2209; x_wconf 88' lang='lat' dir='ltr'><strong>quae</strong></span> <span class='ocrx_word' id='word_1_149' title='bbox 512 2134 641 2198; x_wconf 77' lang='lat' dir='ltr'><strong>diximus,</strong></span> <span class='ocrx_word' id='word_1_150' title='bbox 664 2134 754 2191; x_wconf 86' lang='lat' dir='ltr'><strong>surdis</strong></span> <span class='ocrx_word' id='word_1_151' title='bbox 771 2133 844 2191; x_wconf 89' lang='lat' dir='ltr'><strong>velut</strong></span> <span class='ocrx_word' id='word_1_152' title='bbox 859 2133 969 2191; x_wconf 82' lang='lat' dir='ltr'><strong>auribus</strong></span> <span class='ocrx_word' id='word_1_153' title='bbox 984 2140 1172 2208; x_wconf 83' lang='lat' dir='ltr'><strong>praetereant,</strong></span> <span class='ocrx_word' id='word_1_154' title='bbox 1194 2143 1222 2191; x_wconf 89' lang='lat' dir='ltr'><strong>et</strong></span> <span class='ocrx_word' id='word_1_155' title='bbox 1236 2136 1287 2193; x_wconf 88' lang='lat' dir='ltr'><strong>alia</strong></span> <span class='ocrx_word' id='word_1_156' title='bbox 1303 2136 1367 2194; x_wconf 89' lang='lat' dir='ltr'><strong>talia</strong></span> <span class='ocrx_word' id='word_1_157' title='bbox 1383 2138 1470 2194; x_wconf 88' lang='lat' dir='ltr'><strong>ineui-</strong></span> 
     </span>
    </p>
   </div>
   <div class='ocr_carea' id='block_1_4' title="bbox 321 2308 1499 4588">
    <p class='ocr_par' dir='ltr' id='par_1_10' title="bbox 321 2308 1499 4588">
     <span class='ocr_line' id='line_1_18' title="bbox 390 2308 1473 2387; baseline 0.002 -17"><span class='ocrx_word' id='word_1_158' title='bbox 390 2318 418 2385; x_wconf 78' lang='lat'><strong>5)</strong></span> <span class='ocrx_word' id='word_1_159' title='bbox 437 2314 536 2387; x_wconf 76' lang='lat' dir='ltr'><strong>oipoat</strong></span> <span class='ocrx_word' id='word_1_160' title='bbox 552 2316 682 2368; x_wconf 84' lang='lat' dir='ltr'><strong>Reiakiua</strong></span> <span class='ocrx_word' id='word_1_161' title='bbox 702 2316 750 2383; x_wconf 87' lang='lat' dir='ltr'><strong>(de</strong></span> <span class='ocrx_word' id='word_1_162' title='bbox 769 2316 842 2381; x_wconf 89' lang='lat' dir='ltr'><strong>auo).</strong></span> <span class='ocrx_word' id='word_1_163' title='bbox 913 2316 940 2383; x_wconf 84' lang='grc'><strong>6)</strong></span> <span class='ocrx_word' id='word_1_164' title='bbox 959 2310 1014 2383; x_wconf 75' lang='grc' dir='ltr'><strong>γὰρ</strong></span> <span class='ocrx_word' id='word_1_165' title='bbox 1032 2315 1118 2369; x_wconf 80' lang='lat' dir='ltr'><strong>Atdv.</strong></span> <span class='ocrx_word' id='word_1_166' title='bbox 1189 2317 1215 2382; x_wconf 79' lang='grc'><strong>7)</strong></span> <span class='ocrx_word' id='word_1_167' title='bbox 1233 2316 1284 2369; x_wconf 81' lang='grc' dir='ltr'><strong>τοῦ</strong></span> <span class='ocrx_word' id='word_1_168' title='bbox 1303 2312 1418 2386; x_wconf 74' lang='grc' dir='ltr'><strong><em>χρόνον,</em></strong></span> <span class='ocrx_word' id='word_1_169' title='bbox 1437 2308 1473 2372; x_wconf 75' lang='grc' dir='ltr'><strong>οὗ</strong></span> 
     </span>
     <span class='ocr_line' id='line_1_19' title="bbox 321 2392 1470 2471; baseline -0.002 -14"><span class='ocrx_word' id='word_1_170' title='bbox 321 2404 419 2471; x_wconf 82' lang='lat' dir='ltr'><strong>Appir.</strong></span> <span class='ocrx_word' id='word_1_171' title='bbox 437 2429 470 2439; x_wconf 91' lang='lat'>—</span> <span class='ocrx_word' id='word_1_172' title='bbox 489 2402 696 2455; x_wconf 75' lang='lat' dir='ltr'><strong>Substantivum</strong></span> <span class='ocrx_word' id='word_1_173' title='bbox 715 2396 765 2455; x_wconf 85' lang='grc' dir='ltr'><strong>τὸν</strong></span> <span class='ocrx_word' id='word_1_174' title='bbox 784 2392 899 2467; x_wconf 71' lang='grc' dir='ltr'><strong><em>χρόνον,</em></strong></span> <span class='ocrx_word' id='word_1_175' title='bbox 918 2404 950 2451; x_wconf 87' lang='lat' dir='ltr'><strong>ut</strong></span> <span class='ocrx_word' id='word_1_176' title='bbox 969 2402 1127 2466; x_wconf 83' lang='lat' dir='ltr'><strong>efferretur,</strong></span> <span class='ocrx_word' id='word_1_177' title='bbox 1146 2406 1211 2453; x_wconf 88' lang='lat' dir='ltr'><strong>ante</strong></span> <span class='ocrx_word' id='word_1_178' title='bbox 1230 2403 1375 2455; x_wconf 86' lang='lat' dir='ltr'><strong>relativum</strong></span> <span class='ocrx_word' id='word_1_179' title='bbox 1393 2420 1470 2456; x_wconf 89' lang='lat' dir='ltr'><strong>annm</strong></span> 
     </span>
     <span class='ocr_line' id='line_1_20' title="bbox 321 2484 1483 2556; baseline 0 -17"><span class='ocrx_word' id='word_1_180' title='bbox 321 2489 512 2556; x_wconf 72' lang='lat' dir='ltr'><strong>praepositum</strong></span> <span class='ocrx_word' id='word_1_181' title='bbox 539 2493 594 2552; x_wconf 87' lang='lat' dir='ltr'><strong>eat,</strong></span> <span class='ocrx_word' id='word_1_182' title='bbox 623 2504 655 2539; x_wconf 94' lang='lat' dir='ltr'><strong>eo</strong></span> <span class='ocrx_word' id='word_1_183' title='bbox 678 2488 768 2554; x_wconf 80' lang='lat' dir='ltr'><strong>magia</strong></span> <span class='ocrx_word' id='word_1_184' title='bbox 793 2502 845 2553; x_wconf 91' lang='lat' dir='ltr'><strong>quo</strong></span> <span class='ocrx_word' id='word_1_185' title='bbox 868 2487 958 2551; x_wconf 81' lang='lat' dir='ltr'><strong>magia</strong></span> <span class='ocrx_word' id='word_1_186' title='bbox 982 2487 1017 2537; x_wconf 78' lang='lat' dir='ltr'><strong>ed</strong></span> <span class='ocrx_word' id='word_1_187' title='bbox 1039 2491 1126 2538; x_wconf 87' lang='lat' dir='ltr'><strong>totum</strong></span> <span class='ocrx_word' id='word_1_188' title='bbox 1151 2489 1323 2539; x_wconf 86' lang='lat' dir='ltr'><strong>enuntiatum</strong></span> <span class='ocrx_word' id='word_1_189' title='bbox 1342 2484 1483 2555; x_wconf 67' lang='lat' dir='ltr'><strong>pertinet‚&#39;</strong></span> 
     </span>
     <span class='ocr_line' id='line_1_21' title="bbox 321 2562 1470 2642; baseline 0.002 -18"><span class='ocrx_word' id='word_1_190' title='bbox 321 2590 407 2641; x_wconf 83' lang='lat' dir='ltr'><strong>neque</strong></span> <span class='ocrx_word' id='word_1_191' title='bbox 431 2574 467 2625; x_wconf 93' lang='lat' dir='ltr'><strong>ad</strong></span> <span class='ocrx_word' id='word_1_192' title='bbox 489 2564 587 2640; x_wconf 84' lang='grc' dir='ltr'><strong><em>μόνον.</em></strong></span> <span class='ocrx_word' id='word_1_193' title='bbox 624 2573 720 2624; x_wconf 81' lang='lat' dir='ltr'><strong>Altera</strong></span> <span class='ocrx_word' id='word_1_194' title='bbox 744 2572 868 2638; x_wconf 82' lang='lat' dir='ltr'><strong>gravitas</strong></span> <span class='ocrx_word' id='word_1_195' title='bbox 890 2572 983 2639; x_wconf 86' lang='lat' dir='ltr'><strong>posita</strong></span> <span class='ocrx_word' id='word_1_196' title='bbox 1006 2576 1050 2623; x_wconf 87' lang='lat' dir='ltr'><strong>eet</strong></span> <span class='ocrx_word' id='word_1_197' title='bbox 1071 2572 1100 2621; x_wconf 89' lang='lat' dir='ltr'><strong>in</strong></span> <span class='ocrx_word' id='word_1_198' title='bbox 1120 2562 1300 2639; x_wconf 73' lang='grc' dir='ltr'><strong><em>ἀνάπαυσιν,</em></strong></span> <span class='ocrx_word' id='word_1_199' title='bbox 1325 2576 1370 2625; x_wconf 88' lang='lat' dir='ltr'><strong>eui</strong></span> <span class='ocrx_word' id='word_1_200' title='bbox 1388 2591 1470 2642; x_wconf 89' lang='lat' dir='ltr'><strong>oppo-</strong></span> 
     </span>
     <span class='ocr_line' id='line_1_22' title="bbox 321 2650 1470 2725; baseline 0.002 -14"><span class='ocrx_word' id='word_1_201' title='bbox 321 2664 405 2711; x_wconf 83' lang='lat' dir='ltr'><strong>natur</strong></span> <span class='ocrx_word' id='word_1_202' title='bbox 428 2650 515 2711; x_wconf 71' lang='grc' dir='ltr'><strong><em>οὐδὲν</em></strong></span> <span class='ocrx_word' id='word_1_203' title='bbox 538 2654 644 2711; x_wconf 75' lang='grc' dir='ltr'><strong><em>δεινόν.</em></strong></span> <span class='ocrx_word' id='word_1_204' title='bbox 684 2656 750 2709; x_wconf 85' lang='lat' dir='ltr'><strong>Ideo</strong></span> <span class='ocrx_word' id='word_1_205' title='bbox 773 2656 864 2708; x_wconf 79' lang='lat' dir='ltr'><strong>delevi</strong></span> <span class='ocrx_word' id='word_1_206' title='bbox 891 2658 1122 2723; x_wconf 72' lang='lat' dir='ltr'><strong>interpunctionis</strong></span> <span class='ocrx_word' id='word_1_207' title='bbox 1145 2659 1251 2724; x_wconf 76' lang='lat' dir='ltr'><strong>signnm</strong></span> <span class='ocrx_word' id='word_1_208' title='bbox 1274 2664 1337 2725; x_wconf 82' lang='lat' dir='ltr'><strong>poet</strong></span> <span class='ocrx_word' id='word_1_209' title='bbox 1359 2652 1470 2725; x_wconf 74' lang='grc' dir='ltr'><strong><em>χρόνον.</em></strong></span> 
     </span>
     <span class='ocr_line' id='line_1_23' title="bbox 321 2732 1471 2811; baseline 0.001 -15"><span class='ocrx_word' id='word_1_210' title='bbox 321 2746 348 2807; x_wconf 89' lang='grc'><strong>8)</strong></span> <span class='ocrx_word' id='word_1_211' title='bbox 368 2734 406 2797; x_wconf 75' lang='grc' dir='ltr'><strong><em>ἃν</em></strong></span> <span class='ocrx_word' id='word_1_212' title='bbox 424 2760 508 2811; x_wconf 73' lang='grc' dir='ltr'><strong><em>συρτει</em></strong></span> <span class='ocrx_word' id='word_1_213' title='bbox 527 2759 634 2795; x_wconf 82' lang='lat' dir='ltr'><strong>vernum</strong></span> <span class='ocrx_word' id='word_1_214' title='bbox 653 2744 685 2792; x_wconf 88' lang='lat' dir='ltr'><strong>F.</strong></span> <span class='ocrx_word' id='word_1_215' title='bbox 760 2741 787 2809; x_wconf 87' lang='grc'><strong>9)</strong></span> <span class='ocrx_word' id='word_1_216' title='bbox 807 2732 841 2795; x_wconf 78' lang='grc' dir='ltr'><strong>οὖ</strong></span> <span class='ocrx_word' id='word_1_217' title='bbox 859 2743 928 2795; x_wconf 79' lang='lat' dir='ltr'><strong>ieta.</strong></span> <span class='ocrx_word' id='word_1_218' title='bbox 946 2758 1025 2808; x_wconf 82' lang='lat' dir='ltr'><strong>marg</strong></span> <span class='ocrx_word' id='word_1_219' title='bbox 1043 2743 1139 2796; x_wconf 82' lang='lat' dir='ltr'><strong>Lamb.</strong></span> <span class='ocrx_word' id='word_1_220' title='bbox 1178 2744 1384 2795; x_wconf 85' lang='lat' dir='ltr'><strong>‘Neeeaaariam</strong></span> <span class='ocrx_word' id='word_1_221' title='bbox 1404 2748 1471 2811; x_wconf 87' lang='lat' dir='ltr'><strong>puto</strong></span> 
     </span>
     <span class='ocr_line' id='line_1_24' title="bbox 322 2826 1471 2895; baseline 0.001 -14"><span class='ocrx_word' id='word_1_222' title='bbox 322 2830 394 2881; x_wconf 89' lang='lat' dir='ltr'><strong>hano</strong></span> <span class='ocrx_word' id='word_1_223' title='bbox 417 2828 648 2892; x_wconf 75' lang='lat' dir='ltr'><strong>emendationem,</strong></span> <span class='ocrx_word' id='word_1_224' title='bbox 673 2828 861 2893; x_wconf 86' lang='lat' dir='ltr'><strong>euinaennque</strong></span> <span class='ocrx_word' id='word_1_225' title='bbox 886 2833 934 2879; x_wconf 89' lang='lat' dir='ltr'><strong>aut</strong></span> <span class='ocrx_word' id='word_1_226' title='bbox 955 2826 1137 2893; x_wconf 79' lang='lat' dir='ltr'><strong>undecunque</strong></span> <span class='ocrx_word' id='word_1_227' title='bbox 1161 2826 1323 2895; x_wconf 88' lang='lat' dir='ltr'><strong>deprompta</strong></span> <span class='ocrx_word' id='word_1_228' title='bbox 1341 2834 1393 2881; x_wconf 88' lang='lat' dir='ltr'><strong>eat.</strong></span> <span class='ocrx_word' id='word_1_229' title='bbox 1421 2846 1471 2882; x_wconf 83' lang='grc' dir='ltr'><strong><em>ιιοιι</em></strong></span> 
     </span>
     <span class='ocr_line' id='line_1_25' title="bbox 323 2904 1469 2981; baseline 0.002 -16"><span class='ocrx_word' id='word_1_230' title='bbox 323 2916 453 2979; x_wconf 76' lang='lat' dir='ltr'><strong>conserat,</strong></span> <span class='ocrx_word' id='word_1_231' title='bbox 479 2930 513 2966; x_wconf 84' lang='lat' dir='ltr'><strong>ea</strong></span> <span class='ocrx_word' id='word_1_232' title='bbox 535 2930 633 2981; x_wconf 85' lang='lat' dir='ltr'><strong>nempe</strong></span> <span class='ocrx_word' id='word_1_233' title='bbox 656 2912 733 2979; x_wconf 84' lang='lat' dir='ltr'><strong>lege,</strong></span> <span class='ocrx_word' id='word_1_234' title='bbox 757 2916 788 2963; x_wconf 89' lang='lat' dir='ltr'><strong>ut</strong></span> <span class='ocrx_word' id='word_1_235' title='bbox 810 2904 919 2966; x_wconf 76' lang='grc' dir='ltr'><strong><em>τούτων</em></strong></span> <span class='ocrx_word' id='word_1_236' title='bbox 939 2917 968 2964; x_wconf 90' lang='lat' dir='ltr'><strong>et</strong></span> <span class='ocrx_word' id='word_1_237' title='bbox 985 2906 1086 2973; x_wconf 78' lang='grc' dir='ltr'><strong><em>αὐτοῖς</em></strong></span> <span class='ocrx_word' id='word_1_238' title='bbox 1110 2912 1146 2963; x_wconf 86' lang='lat' dir='ltr'><strong>ad</strong></span> <span class='ocrx_word' id='word_1_239' title='bbox 1164 2913 1274 2965; x_wconf 87' lang='lat' dir='ltr'><strong>eoadem</strong></span> <span class='ocrx_word' id='word_1_240' title='bbox 1291 2912 1398 2966; x_wconf 87' lang='lat' dir='ltr'><strong>redeat.</strong></span> <span class='ocrx_word' id='word_1_241' title='bbox 1427 2914 1469 2967; x_wconf 80' lang='lat' dir='ltr'><strong>dl·</strong></span> 
     </span>
     <span class='ocr_line' id='line_1_26' title="bbox 322 2998 1470 3067; baseline 0 -16"><span class='ocrx_word' id='word_1_242' title='bbox 322 2998 394 3052; x_wconf 75' lang='grc' dir='ltr'><strong><em>δωσι</em></strong></span> <span class='ocrx_word' id='word_1_243' title='bbox 413 3000 485 3051; x_wconf 85' lang='lat' dir='ltr'><strong>redit</strong></span> <span class='ocrx_word' id='word_1_244' title='bbox 504 3000 539 3051; x_wconf 90' lang='lat' dir='ltr'><strong>ad</strong></span> <span class='ocrx_word' id='word_1_245' title='bbox 556 2999 645 3067; x_wconf 77' lang='lat' dir='ltr'><strong>legem</strong></span> <span class='ocrx_word' id='word_1_246' title='bbox 664 2998 800 3064; x_wconf 73' lang='lat' dir='ltr'><strong>Leptinis.</strong></span> <span class='ocrx_word' id='word_1_247' title='bbox 830 3000 982 3050; x_wconf 73' lang='lat' dir='ltr'><strong>solummodo</strong></span> <span class='ocrx_word' id='word_1_248' title='bbox 1006 3000 1034 3049; x_wconf 85' lang='lat' dir='ltr'><strong>id</strong></span> <span class='ocrx_word' id='word_1_249' title='bbox 1050 3006 1147 3064; x_wconf 75' lang='lat' dir='ltr'><strong>tempus</strong></span> <span class='ocrx_word' id='word_1_250' title='bbox 1163 3000 1253 3065; x_wconf 79' lang='lat' dir='ltr'><strong>cuique</strong></span> <span class='ocrx_word' id='word_1_251' title='bbox 1270 2999 1374 3049; x_wconf 79' lang='lat' dir='ltr'><strong>liberam</strong></span> <span class='ocrx_word' id='word_1_252' title='bbox 1391 3003 1470 3051; x_wconf 85' lang='lat' dir='ltr'><strong>relin-</strong></span> 
     </span>
     <span class='ocr_line' id='line_1_27' title="bbox 323 3083 1470 3153; baseline 0 -16"><span class='ocrx_word' id='word_1_253' title='bbox 323 3088 377 3153; x_wconf 80' lang='lat' dir='ltr'><strong>quit</strong></span> <span class='ocrx_word' id='word_1_254' title='bbox 394 3089 439 3137; x_wconf 76' lang='lat' dir='ltr'><strong>lex</strong></span> <span class='ocrx_word' id='word_1_255' title='bbox 452 3086 583 3151; x_wconf 76' lang='lat' dir='ltr'><strong>Leptinis,</strong></span> <span class='ocrx_word' id='word_1_256' title='bbox 601 3100 649 3151; x_wconf 82' lang='lat' dir='ltr'><strong>qno</strong></span> <span class='ocrx_word' id='word_1_257' title='bbox 668 3090 742 3135; x_wconf 81' lang='lat' dir='ltr'><strong>noent</strong></span> <span class='ocrx_word' id='word_1_258' title='bbox 760 3100 776 3133; x_wconf 89' lang='grc' dir='ltr'><strong>ιι</strong></span> <span class='ocrx_word' id='word_1_259' title='bbox 794 3085 928 3136; x_wconf 82' lang='lat' dir='ltr'><strong>collatione</strong></span> <span class='ocrx_word' id='word_1_260' title='bbox 946 3086 986 3135; x_wconf 87' lang='lat' dir='ltr'><strong>oet</strong></span> <span class='ocrx_word' id='word_1_261' title='bbox 999 3084 1133 3148; x_wconf 68' lang='grc' dir='ltr'><strong><em>γνκτιίοιιτ</em></strong></span> <span class='ocrx_word' id='word_1_262' title='bbox 1144 3086 1238 3135; x_wconf 77' lang='grc' dir='ltr'><strong><em>οιιττίι.</em></strong></span> <span class='ocrx_word' id='word_1_263' title='bbox 1268 3083 1470 3137; x_wconf 79' lang='lat' dir='ltr'><strong>Potesttamen</strong></span> 
     </span>
     <span class='ocr_line' id='line_1_28' title="bbox 322 3160 1471 3239; baseline -0.001 -16"><span class='ocrx_word' id='word_1_264' title='bbox 322 3171 452 3239; x_wconf 78' lang='lat' dir='ltr'><strong>vulgata,</strong></span> <span class='ocrx_word' id='word_1_265' title='bbox 478 3187 495 3221; x_wconf 88' lang='lat' dir='ltr'><strong>a</strong></span> <span class='ocrx_word' id='word_1_266' title='bbox 514 3186 568 3237; x_wconf 87' lang='lat' dir='ltr'><strong>qua</strong></span> <span class='ocrx_word' id='word_1_267' title='bbox 585 3170 698 3236; x_wconf 83' lang='lat' dir='ltr'><strong>negatio</strong></span> <span class='ocrx_word' id='word_1_268' title='bbox 719 3168 811 3232; x_wconf 82' lang='lat' dir='ltr'><strong>abeat,</strong></span> <span class='ocrx_word' id='word_1_269' title='bbox 835 3168 961 3232; x_wconf 84' lang='lat' dir='ltr'><strong>delendi,</strong></span> <span class='ocrx_word' id='word_1_270' title='bbox 988 3169 1013 3219; x_wconf 87' lang='lat' dir='ltr'><strong>ai</strong></span> <span class='ocrx_word' id='word_1_271' title='bbox 1029 3160 1139 3220; x_wconf 70' lang='grc' dir='ltr'><strong><em>τούτων</em></strong></span> <span class='ocrx_word' id='word_1_272' title='bbox 1156 3167 1191 3218; x_wconf 87' lang='lat' dir='ltr'><strong>ad</strong></span> <span class='ocrx_word' id='word_1_273' title='bbox 1210 3182 1258 3219; x_wconf 90' lang='lat' dir='ltr'><strong>eoa</strong></span> <span class='ocrx_word' id='word_1_274' title='bbox 1277 3169 1399 3232; x_wconf 74' lang='lat' dir='ltr'><strong>referas,</strong></span> <span class='ocrx_word' id='word_1_275' title='bbox 1424 3174 1471 3236; x_wconf 89' lang='lat' dir='ltr'><strong>qui</strong></span> 
     </span>
     <span class='ocr_line' id='line_1_29' title="bbox 323 3252 1470 3321; baseline -0.001 -15"><span class='ocrx_word' id='word_1_276' title='bbox 323 3271 405 3321; x_wconf 86' lang='lat' dir='ltr'><strong>quom</strong></span> <span class='ocrx_word' id='word_1_277' title='bbox 429 3258 515 3306; x_wconf 83' lang='lat' dir='ltr'><strong>antea</strong></span> <span class='ocrx_word' id='word_1_278' title='bbox 536 3256 670 3306; x_wconf 76' lang='lat' dir='ltr'><strong>immanes</strong></span> <span class='ocrx_word' id='word_1_279' title='bbox 698 3258 803 3316; x_wconf 79' lang='lat' dir='ltr'><strong>essent,</strong></span> <span class='ocrx_word' id='word_1_280' title='bbox 830 3268 902 3305; x_wconf 87' lang='lat' dir='ltr'><strong>nnne</strong></span> <span class='ocrx_word' id='word_1_281' title='bbox 925 3268 942 3304; x_wconf 83' lang='lat' dir='ltr'><strong>a</strong></span> <span class='ocrx_word' id='word_1_282' title='bbox 963 3252 1026 3320; x_wconf 79' lang='lat' dir='ltr'><strong>lage</strong></span> <span class='ocrx_word' id='word_1_283' title='bbox 1048 3254 1184 3319; x_wconf 77' lang='lat' dir='ltr'><strong>Leptinen</strong></span> <span class='ocrx_word' id='word_1_284' title='bbox 1211 3259 1347 3318; x_wconf 81' lang='lat' dir='ltr'><strong>eoguntur</strong></span> <span class='ocrx_word' id='word_1_285' title='bbox 1369 3257 1470 3306; x_wconf 87' lang='lat' dir='ltr'><strong>eontri·</strong></span> 
     </span>
     <span class='ocr_line' id='line_1_30' title="bbox 323 3331 1499 3409; baseline -0.001 -18"><span class='ocrx_word' id='word_1_286' title='bbox 323 3341 421 3404; x_wconf 78' lang='lat' dir='ltr'><strong>baete,</strong></span> <span class='ocrx_word' id='word_1_287' title='bbox 449 3331 549 3401; x_wconf 77' lang='grc' dir='ltr'><strong><em>αὐτοῖς</em></strong></span> <span class='ocrx_word' id='word_1_288' title='bbox 572 3344 663 3391; x_wconf 87' lang='lat' dir='ltr'><strong>antem</strong></span> <span class='ocrx_word' id='word_1_289' title='bbox 687 3339 722 3391; x_wconf 90' lang='lat' dir='ltr'><strong>ad</strong></span> <span class='ocrx_word' id='word_1_290' title='bbox 745 3354 805 3399; x_wconf 82' lang='lat' dir='ltr'><strong>eoa,</strong></span> <span class='ocrx_word' id='word_1_291' title='bbox 833 3340 879 3404; x_wconf 86' lang='lat' dir='ltr'><strong>qui</strong></span> <span class='ocrx_word' id='word_1_292' title='bbox 902 3353 1041 3405; x_wconf 79' lang='lat' dir='ltr'><strong>nimquam</strong></span> <span class='ocrx_word' id='word_1_293' title='bbox 1064 3339 1237 3389; x_wconf 84' lang='lat' dir='ltr'><strong>immunitate</strong></span> <span class='ocrx_word' id='word_1_294' title='bbox 1260 3340 1365 3404; x_wconf 74' lang='lat' dir='ltr'><strong>gravisi</strong></span> <span class='ocrx_word' id='word_1_295' title='bbox 1386 3338 1469 3393; x_wconf 68' lang='lat' dir='ltr'><strong>aunt!</strong></span> <span class='ocrx_word' id='word_1_296' title='bbox 1495 3401 1499 3409; x_wconf 93' lang='lat'><strong>.</strong></span> 
     </span>
     <span class='ocr_line' id='line_1_31' title="bbox 322 3414 1468 3493; baseline -0.001 -16"><span class='ocrx_word' id='word_1_297' title='bbox 322 3426 495 3480; x_wconf 82' lang='lat' dir='ltr'><strong>Reiakiua.</strong></span> <span class='ocrx_word' id='word_1_298' title='bbox 565 3422 609 3493; x_wconf 88' lang='grc'><strong>10)</strong></span> <span class='ocrx_word' id='word_1_299' title='bbox 628 3424 707 3476; x_wconf 82' lang='lat' dir='ltr'><strong>‘Sine</strong></span> <span class='ocrx_word' id='word_1_300' title='bbox 721 3440 804 3477; x_wconf 84' lang='lat' dir='ltr'><strong>aenea</strong></span> <span class='ocrx_word' id='word_1_301' title='bbox 817 3414 925 3484; x_wconf 73' lang='grc' dir='ltr'><strong><em>αὐτοῖς.</em></strong></span> <span class='ocrx_word' id='word_1_302' title='bbox 955 3424 1032 3490; x_wconf 78' lang='lat' dir='ltr'><strong>Lego</strong></span> <span class='ocrx_word' id='word_1_303' title='bbox 1046 3418 1135 3483; x_wconf 75' lang='grc' dir='ltr'><strong><em>ἔτους.</em></strong></span> <span class='ocrx_word' id='word_1_304' title='bbox 1155 3439 1219 3475; x_wconf 87' lang='lat' dir='ltr'><strong>nam</strong></span> <span class='ocrx_word' id='word_1_305' title='bbox 1231 3438 1316 3491; x_wconf 82' lang='lat' dir='ltr'><strong>aupra</strong></span> <span class='ocrx_word' id='word_1_306' title='bbox 1327 3441 1352 3491; x_wconf 90' lang='lat' dir='ltr'><strong>p.</strong></span> <span class='ocrx_word' id='word_1_307' title='bbox 1362 3426 1422 3488; x_wconf 72' lang='lat' dir='ltr'><strong>tea,</strong></span> <span class='ocrx_word' id='word_1_308' title='bbox 1437 3428 1468 3476; x_wconf 81' lang='lat'><strong>12</strong></span> 
     </span>
     <span class='ocr_line' id='line_1_32' title="bbox 322 3502 1468 3577; baseline 0 -16"><span class='ocrx_word' id='word_1_309' title='bbox 322 3512 431 3563; x_wconf 81' lang='lat' dir='ltr'><strong>dixerat</strong></span> <span class='ocrx_word' id='word_1_310' title='bbox 450 3502 583 3563; x_wconf 79' lang='grc' dir='ltr'><strong><em>ἐνιαυτὸν</em></strong></span> <span class='ocrx_word' id='word_1_311' title='bbox 601 3502 742 3563; x_wconf 75' lang='grc' dir='ltr'><strong><em>διαλιπὼν</em></strong></span> <span class='ocrx_word' id='word_1_312' title='bbox 760 3505 877 3569; x_wconf 71' lang='grc' dir='ltr'><strong><em>ἕκαστος</em></strong></span> <span class='ocrx_word' id='word_1_313' title='bbox 895 3510 1062 3576; x_wconf 75' lang='grc' dir='ltr'><strong><em>λειτουργεῖ.</em></strong></span> <span class='ocrx_word' id='word_1_314' title='bbox 1080 3536 1113 3545; x_wconf 92' lang='grc'>-</span> <span class='ocrx_word' id='word_1_315' title='bbox 1132 3509 1257 3560; x_wconf 85' lang='lat' dir='ltr'><strong>Nanniua</strong></span> <span class='ocrx_word' id='word_1_316' title='bbox 1275 3507 1316 3575; x_wconf 91' lang='lat' dir='ltr'><strong>(in</strong></span> <span class='ocrx_word' id='word_1_317' title='bbox 1333 3511 1468 3577; x_wconf 84' lang='lat' dir='ltr'><strong>interpre-</strong></span> 
     </span>
     <span class='ocr_line' id='line_1_33' title="bbox 323 3584 1468 3663; baseline 0.003 -18"><span class='ocrx_word' id='word_1_318' title='bbox 323 3596 429 3647; x_wconf 77' lang='lat' dir='ltr'><strong>tatione</strong></span> <span class='ocrx_word' id='word_1_319' title='bbox 446 3595 547 3663; x_wconf 86' lang='lat' dir='ltr'><strong>latina)</strong></span> <span class='ocrx_word' id='word_1_320' title='bbox 565 3596 674 3647; x_wconf 84' lang='lat' dir='ltr'><strong>videtur</strong></span> <span class='ocrx_word' id='word_1_321' title='bbox 691 3595 793 3661; x_wconf 79' lang='lat' dir='ltr'><strong>legiaae</strong></span> <span class='ocrx_word' id='word_1_322' title='bbox 812 3584 917 3654; x_wconf 67' lang='grc' dir='ltr'><strong><em>ἄλλοις.</em></strong></span> <span class='ocrx_word' id='word_1_323' title='bbox 944 3594 994 3645; x_wconf 87' lang='lat' dir='ltr'><strong>eed</strong></span> <span class='ocrx_word' id='word_1_324' title='bbox 1012 3602 1041 3645; x_wconf 89' lang='lat' dir='ltr'><strong>et</strong></span> <span class='ocrx_word' id='word_1_325' title='bbox 1058 3595 1099 3645; x_wconf 84' lang='lat' dir='ltr'><strong>aie</strong></span> <span class='ocrx_word' id='word_1_326' title='bbox 1116 3608 1169 3645; x_wconf 86' lang='lat' dir='ltr'><strong>vox</strong></span> <span class='ocrx_word' id='word_1_327' title='bbox 1183 3587 1263 3655; x_wconf 73' lang='grc' dir='ltr'><strong><em>ἔτους</em></strong></span> <span class='ocrx_word' id='word_1_328' title='bbox 1275 3596 1320 3647; x_wconf 84' lang='lat' dir='ltr'><strong>vel</strong></span> <span class='ocrx_word' id='word_1_329' title='bbox 1333 3588 1468 3648; x_wconf 66' lang='grc' dir='ltr'><strong><em>ἐνιαυτοῦ</em></strong></span> 
     </span>
     <span class='ocr_line' id='line_1_34' title="bbox 324 3672 1468 3746; baseline 0 -15"><span class='ocrx_word' id='word_1_330' title='bbox 324 3680 414 3731; x_wconf 83' lang='lat' dir='ltr'><strong>adhue</strong></span> <span class='ocrx_word' id='word_1_331' title='bbox 432 3680 529 3733; x_wconf 86' lang='lat' dir='ltr'><strong>deerit.</strong></span> <span class='ocrx_word' id='word_1_332' title='bbox 565 3678 693 3732; x_wconf 77' lang='lat' dir='ltr'><strong>Ceterum</strong></span> <span class='ocrx_word' id='word_1_333' title='bbox 715 3673 822 3732; x_wconf 76' lang='grc' dir='ltr'><strong><em>τούτων</em></strong></span> <span class='ocrx_word' id='word_1_334' title='bbox 845 3684 887 3731; x_wconf 89' lang='lat' dir='ltr'><strong>eat</strong></span> <span class='ocrx_word' id='word_1_335' title='bbox 909 3678 966 3733; x_wconf 78' lang='grc' dir='ltr'><strong>τῶν</strong></span> <span class='ocrx_word' id='word_1_336' title='bbox 983 3672 1231 3746; x_wconf 71' lang='grc' dir='ltr'><strong><em>λειτουργούντων.</em></strong></span> <span class='ocrx_word' id='word_1_337' title='bbox 1267 3680 1396 3745; x_wconf 85' lang='lat' dir='ltr'><strong>Intellige</strong></span> <span class='ocrx_word' id='word_1_338' title='bbox 1415 3679 1468 3734; x_wconf 81' lang='grc' dir='ltr'><strong>νῦν</strong></span> 
     </span>
     <span class='ocr_line' id='line_1_35' title="bbox 322 3759 1467 3832; baseline 0 -15"><span class='ocrx_word' id='word_1_339' title='bbox 322 3761 376 3831; x_wconf 83' lang='grc' dir='ltr'><strong><em>μέν</em></strong></span> <span class='ocrx_word' id='word_1_340' title='bbox 393 3782 426 3831; x_wconf 79' lang='grc' dir='ltr'><strong>γε</strong></span> <span class='ocrx_word' id='word_1_341' title='bbox 444 3774 472 3817; x_wconf 83' lang='lat' dir='ltr'><strong>nt</strong></span> <span class='ocrx_word' id='word_1_342' title='bbox 489 3783 554 3816; x_wconf 82' lang='lat' dir='ltr'><strong>nune</strong></span> <span class='ocrx_word' id='word_1_343' title='bbox 570 3782 598 3817; x_wconf 83' lang='lat' dir='ltr'><strong>ae</strong></span> <span class='ocrx_word' id='word_1_344' title='bbox 615 3782 659 3817; x_wconf 81' lang='lat' dir='ltr'><strong>rea</strong></span> <span class='ocrx_word' id='word_1_345' title='bbox 675 3766 764 3830; x_wconf 74' lang='lat' dir='ltr'><strong>tutet,</strong></span> <span class='ocrx_word' id='word_1_346' title='bbox 789 3771 817 3815; x_wconf 91' lang='lat' dir='ltr'><strong>et</strong></span> <span class='ocrx_word' id='word_1_347' title='bbox 836 3759 900 3817; x_wconf 82' lang='grc' dir='ltr'><strong><em>τότε</em></strong></span> <span class='ocrx_word' id='word_1_348' title='bbox 919 3760 952 3817; x_wconf 75' lang='grc' dir='ltr'><strong>δέ</strong></span> <span class='ocrx_word' id='word_1_349' title='bbox 970 3767 997 3816; x_wconf 83' lang='lat' dir='ltr'><strong>in</strong></span> <span class='ocrx_word' id='word_1_350' title='bbox 1014 3768 1097 3816; x_wconf 84' lang='lat' dir='ltr'><strong>attero</strong></span> <span class='ocrx_word' id='word_1_351' title='bbox 1114 3780 1175 3815; x_wconf 87' lang='grc' dir='ltr'><strong><em>οαιιι</em></strong></span> <span class='ocrx_word' id='word_1_352' title='bbox 1193 3767 1213 3815; x_wconf 91' lang='lat' dir='ltr'><strong>i.</strong></span> <span class='ocrx_word' id='word_1_353' title='bbox 1232 3782 1255 3819; x_wconf 83' lang='lat' dir='ltr'><strong>e.</strong></span> <span class='ocrx_word' id='word_1_354' title='bbox 1275 3766 1300 3817; x_wconf 90' lang='lat' dir='ltr'><strong>ai</strong></span> <span class='ocrx_word' id='word_1_355' title='bbox 1317 3780 1368 3832; x_wconf 89' lang='lat' dir='ltr'><strong>per</strong></span> <span class='ocrx_word' id='word_1_356' title='bbox 1385 3766 1467 3817; x_wconf 87' lang='lat' dir='ltr'><strong>eolla·</strong></span> 
     </span>
     <span class='ocr_line' id='line_1_36' title="bbox 323 3842 1467 3917; baseline -0.002 -15"><span class='ocrx_word' id='word_1_357' title='bbox 323 3852 426 3903; x_wconf 90' lang='lat' dir='ltr'><strong>tionem</strong></span> <span class='ocrx_word' id='word_1_358' title='bbox 445 3866 488 3902; x_wconf 87' lang='lat' dir='ltr'><strong>rea</strong></span> <span class='ocrx_word' id='word_1_359' title='bbox 501 3849 665 3916; x_wconf 60' lang='lat' dir='ltr'><strong>generetur)</strong></span> <span class='ocrx_word' id='word_1_360' title='bbox 689 3850 919 3904; x_wconf 82' lang='lat' dir='ltr'><strong>Marklandua.</strong></span> <span class='ocrx_word' id='word_1_361' title='bbox 955 3850 1044 3901; x_wconf 79' lang='lat' dir='ltr'><strong>‘Satin</strong></span> <span class='ocrx_word' id='word_1_362' title='bbox 1056 3850 1161 3902; x_wconf 85' lang='lat' dir='ltr'><strong>alaram</strong></span> <span class='ocrx_word' id='word_1_363' title='bbox 1173 3855 1217 3901; x_wconf 88' lang='lat' dir='ltr'><strong>eat</strong></span> <span class='ocrx_word' id='word_1_364' title='bbox 1228 3842 1348 3913; x_wconf 70' lang='grc' dir='ltr'><strong><em>τούτων,</em></strong></span> <span class='ocrx_word' id='word_1_365' title='bbox 1367 3851 1467 3917; x_wconf 89' lang='lat' dir='ltr'><strong>qnippe</strong></span> 
     </span>
     <span class='ocr_line' id='line_1_37' title="bbox 324 3927 1470 4011; baseline 0 -24"><span class='ocrx_word' id='word_1_366' title='bbox 324 3937 395 4003; x_wconf 88' lang='lat' dir='ltr'><strong>quod</strong></span> <span class='ocrx_word' id='word_1_367' title='bbox 413 3936 510 3987; x_wconf 85' lang='lat' dir='ltr'><strong>redeat</strong></span> <span class='ocrx_word' id='word_1_368' title='bbox 528 3936 563 3986; x_wconf 84' lang='lat' dir='ltr'><strong>ad</strong></span> <span class='ocrx_word' id='word_1_369' title='bbox 581 3936 732 4001; x_wconf 81' lang='lat' dir='ltr'><strong>proximum</strong></span> <span class='ocrx_word' id='word_1_370' title='bbox 751 3928 911 4011; x_wconf 63' lang='grc' dir='ltr'><strong><em>εὐεργέτας.</em></strong></span> <span class='ocrx_word' id='word_1_371' title='bbox 949 3936 987 3987; x_wconf 84' lang='lat' dir='ltr'><strong>At</strong></span> <span class='ocrx_word' id='word_1_372' title='bbox 1004 3927 1104 3995; x_wconf 76' lang='grc' dir='ltr'><strong><em>αὸτοῖς</em></strong></span> <span class='ocrx_word' id='word_1_373' title='bbox 1122 3940 1151 3986; x_wconf 91' lang='lat' dir='ltr'><strong>et</strong></span> <span class='ocrx_word' id='word_1_374' title='bbox 1171 3928 1267 3988; x_wconf 71' lang='grc' dir='ltr'><strong><em>αὐτῶν</em></strong></span> <span class='ocrx_word' id='word_1_375' title='bbox 1284 3950 1353 3987; x_wconf 87' lang='lat' dir='ltr'><strong>eane</strong></span> <span class='ocrx_word' id='word_1_376' title='bbox 1371 3935 1470 3988; x_wconf 85' lang='lat' dir='ltr'><strong>obaon·</strong></span> 
     </span>
     <span class='ocr_line' id='line_1_38' title="bbox 323 4020 1469 4088; baseline -0.001 -16"><span class='ocrx_word' id='word_1_377' title='bbox 323 4024 380 4073; x_wconf 85' lang='lat' dir='ltr'><strong>riua</strong></span> <span class='ocrx_word' id='word_1_378' title='bbox 398 4020 492 4086; x_wconf 81' lang='lat' dir='ltr'><strong>penita</strong></span> <span class='ocrx_word' id='word_1_379' title='bbox 510 4027 573 4071; x_wconf 87' lang='lat' dir='ltr'><strong>aunt</strong></span> <span class='ocrx_word' id='word_1_380' title='bbox 591 4022 624 4072; x_wconf 89' lang='lat' dir='ltr'><strong>de</strong></span> <span class='ocrx_word' id='word_1_381' title='bbox 644 4022 700 4085; x_wconf 86' lang='lat' dir='ltr'><strong>hie,</strong></span> <span class='ocrx_word' id='word_1_382' title='bbox 724 4036 790 4086; x_wconf 83' lang='lat' dir='ltr'><strong>quoa</strong></span> <span class='ocrx_word' id='word_1_383' title='bbox 814 4036 896 4088; x_wconf 86' lang='lat' dir='ltr'><strong>quum</strong></span> <span class='ocrx_word' id='word_1_384' title='bbox 919 4020 1009 4073; x_wconf 88' lang='lat' dir='ltr'><strong>adhue</strong></span> <span class='ocrx_word' id='word_1_385' title='bbox 1032 4020 1138 4072; x_wconf 86' lang='lat' dir='ltr'><strong>iunctio</strong></span> <span class='ocrx_word' id='word_1_386' title='bbox 1159 4036 1299 4073; x_wconf 84' lang='lat' dir='ltr'><strong>muneram</strong></span> <span class='ocrx_word' id='word_1_387' title='bbox 1317 4026 1469 4085; x_wconf 75' lang='lat' dir='ltr'><strong>onerasset,</strong></span> 
     </span>
     <span class='ocr_line' id='line_1_39' title="bbox 323 4104 1468 4173; baseline -0.001 -16"><span class='ocrx_word' id='word_1_388' title='bbox 323 4122 356 4158; x_wconf 89' lang='lat' dir='ltr'><strong>eo</strong></span> <span class='ocrx_word' id='word_1_389' title='bbox 384 4121 466 4157; x_wconf 88' lang='lat' dir='ltr'><strong>onere</strong></span> <span class='ocrx_word' id='word_1_390' title='bbox 494 4122 566 4157; x_wconf 91' lang='lat' dir='ltr'><strong>nuno</strong></span> <span class='ocrx_word' id='word_1_391' title='bbox 593 4106 702 4158; x_wconf 83' lang='lat' dir='ltr'><strong>levatos</strong></span> <span class='ocrx_word' id='word_1_392' title='bbox 727 4106 787 4157; x_wconf 86' lang='lat' dir='ltr'><strong>vult</strong></span> <span class='ocrx_word' id='word_1_393' title='bbox 811 4106 955 4173; x_wconf 86' lang='lat' dir='ltr'><strong>Leptines.</strong></span> <span class='ocrx_word' id='word_1_394' title='bbox 1002 4106 1045 4157; x_wconf 80' lang='lat' dir='ltr'><strong>ct.</strong></span> <span class='ocrx_word' id='word_1_395' title='bbox 1064 4123 1089 4172; x_wconf 90' lang='lat' dir='ltr'><strong>p.</strong></span> <span class='ocrx_word' id='word_1_396' title='bbox 1108 4107 1173 4169; x_wconf 75' lang='lat'><strong>462,</strong></span> <span class='ocrx_word' id='word_1_397' title='bbox 1193 4107 1209 4156; x_wconf 85' lang='grc'>8</span> <span class='ocrx_word' id='word_1_398' title='bbox 1232 4111 1261 4158; x_wconf 85' lang='lat' dir='ltr'><strong>et</strong></span> <span class='ocrx_word' id='word_1_399' title='bbox 1283 4124 1309 4173; x_wconf 94' lang='lat' dir='ltr'><strong>p.</strong></span> <span class='ocrx_word' id='word_1_400' title='bbox 1328 4108 1393 4171; x_wconf 70' lang='lat' dir='ltr'><strong>add,</strong></span> <span class='ocrx_word' id='word_1_401' title='bbox 1412 4104 1468 4159; x_wconf 65' lang='lat'><strong>26)</strong></span> 
     </span>
     <span class='ocr_line' id='line_1_40' title="bbox 322 4178 1469 4267; baseline 0 -24"><span class='ocrx_word' id='word_1_402' title='bbox 322 4193 372 4245; x_wconf 82' lang='lat' dir='ltr'><strong>Fr.</strong></span> <span class='ocrx_word' id='word_1_403' title='bbox 392 4190 424 4245; x_wconf 85' lang='grc' dir='ltr'><strong>Δ.</strong></span> <span class='ocrx_word' id='word_1_404' title='bbox 443 4190 597 4241; x_wconf 87' lang='lat' dir='ltr'><strong>Woliina.</strong></span> <span class='ocrx_word' id='word_1_405' title='bbox 637 4190 679 4241; x_wconf 82' lang='lat' dir='ltr'><strong>Ad</strong></span> <span class='ocrx_word' id='word_1_406' title='bbox 701 4188 822 4267; x_wconf 75' lang='grc' dir='ltr'><strong><em>δίσφσιν</em></strong></span> <span class='ocrx_word' id='word_1_407' title='bbox 844 4191 1007 4243; x_wconf 74' lang='lat' dir='ltr'><strong>sabaudiam</strong></span> <span class='ocrx_word' id='word_1_408' title='bbox 1031 4179 1065 4244; x_wconf 78' lang='grc' dir='ltr'><strong><em>ὃν</em></strong></span> <span class='ocrx_word' id='word_1_409' title='bbox 1087 4178 1125 4243; x_wconf 66' lang='grc' dir='ltr'><strong><em>ἄν</em></strong></span> <span class='ocrx_word' id='word_1_410' title='bbox 1147 4182 1256 4243; x_wconf 71' lang='grc' dir='ltr'><strong><em>τούτων</em></strong></span> <span class='ocrx_word' id='word_1_411' title='bbox 1277 4184 1395 4251; x_wconf 69' lang='grc' dir='ltr'><strong><em>ἕκαστος</em></strong></span> <span class='ocrx_word' id='word_1_412' title='bbox 1412 4193 1469 4243; x_wconf 77' lang='grc' dir='ltr'><strong><em>λιι-</em></strong></span> 
     </span>
     <span class='ocr_line' id='line_1_41' title="bbox 323 4274 1468 4343; baseline 0 -16"><span class='ocrx_word' id='word_1_413' title='bbox 323 4274 441 4341; x_wconf 78' lang='grc' dir='ltr'><strong><em>τουογῇ,</em></strong></span> <span class='ocrx_word' id='word_1_414' title='bbox 465 4282 616 4342; x_wconf 85' lang='lat' dir='ltr'><strong>praeeunte</strong></span> <span class='ocrx_word' id='word_1_415' title='bbox 635 4276 801 4341; x_wconf 83' lang='lat' dir='ltr'><strong>Sohaeiere‚</strong></span> <span class='ocrx_word' id='word_1_416' title='bbox 824 4277 858 4328; x_wconf 91' lang='lat' dir='ltr'><strong>ad</strong></span> <span class='ocrx_word' id='word_1_417' title='bbox 882 4278 1050 4328; x_wconf 70' lang='lat' dir='ltr'><strong>sententiam</strong></span> <span class='ocrx_word' id='word_1_418' title='bbox 1067 4277 1140 4327; x_wconf 89' lang='lat' dir='ltr'><strong>idem</strong></span> <span class='ocrx_word' id='word_1_419' title='bbox 1159 4281 1214 4340; x_wconf 83' lang='lat' dir='ltr'><strong>eat,</strong></span> <span class='ocrx_word' id='word_1_420' title='bbox 1237 4276 1308 4342; x_wconf 88' lang='lat' dir='ltr'><strong>qnod</strong></span> <span class='ocrx_word' id='word_1_421' title='bbox 1329 4276 1393 4327; x_wconf 88' lang='lat' dir='ltr'><strong>aliia</strong></span> <span class='ocrx_word' id='word_1_422' title='bbox 1410 4277 1468 4343; x_wconf 84' lang='lat' dir='ltr'><strong>pla·</strong></span> 
     </span>
     <span class='ocr_line' id='line_1_42' title="bbox 323 4352 1468 4428; baseline 0 -15"><span class='ocrx_word' id='word_1_423' title='bbox 323 4362 381 4413; x_wconf 87' lang='lat' dir='ltr'><strong>enit</strong></span> <span class='ocrx_word' id='word_1_424' title='bbox 392 4360 585 4427; x_wconf 77' lang='lat' dir='ltr'><strong>supplendum,</strong></span> <span class='ocrx_word' id='word_1_425' title='bbox 604 4360 650 4412; x_wconf 83' lang='lat' dir='ltr'><strong>lex</strong></span> <span class='ocrx_word' id='word_1_426' title='bbox 662 4362 809 4427; x_wconf 76' lang='lat' dir='ltr'><strong>Leptinen.</strong></span> <span class='ocrx_word' id='word_1_427' title='bbox 880 4362 922 4426; x_wconf 83' lang='lat'><strong>11)</strong></span> <span class='ocrx_word' id='word_1_428' title='bbox 936 4352 1002 4415; x_wconf 74' lang='lat' dir='ltr'><strong>daal</strong></span> <span class='ocrx_word' id='word_1_429' title='bbox 1014 4361 1066 4414; x_wconf 77' lang='grc' dir='ltr'><strong>τοῦ</strong></span> <span class='ocrx_word' id='word_1_430' title='bbox 1077 4352 1196 4428; x_wconf 68' lang='grc' dir='ltr'><strong><em>ὕστερον</em></strong></span> <span class='ocrx_word' id='word_1_431' title='bbox 1206 4361 1356 4413; x_wconf 81' lang='lat' dir='ltr'><strong>AnodBkk.</strong></span> <span class='ocrx_word' id='word_1_432' title='bbox 1370 4378 1397 4427; x_wconf 90' lang='lat' dir='ltr'><strong>p.</strong></span> <span class='ocrx_word' id='word_1_433' title='bbox 1412 4363 1468 4413; x_wconf 76' lang='lat'><strong>109.</strong></span> 
     </span>
     <span class='ocr_line' id='line_1_43' title="bbox 324 4437 1468 4514; baseline -0.001 -18"><span class='ocrx_word' id='word_1_434' title='bbox 324 4444 366 4511; x_wconf 75' lang='lat'><strong>12)</strong></span> <span class='ocrx_word' id='word_1_435' title='bbox 385 4437 480 4499; x_wconf 74' lang='grc' dir='ltr'><strong><em>αὐτῶν</em></strong></span> <span class='ocrx_word' id='word_1_436' title='bbox 492 4446 588 4498; x_wconf 87' lang='lat' dir='ltr'><strong>Vindl.</strong></span> <span class='ocrx_word' id='word_1_437' title='bbox 601 4473 634 4483; x_wconf 89' lang='lat'>-</span> <span class='ocrx_word' id='word_1_438' title='bbox 652 4461 787 4512; x_wconf 77' lang='lat' dir='ltr'><strong>superaer.</strong></span> <span class='ocrx_word' id='word_1_439' title='bbox 801 4439 874 4499; x_wconf 76' lang='lat' dir='ltr'><strong>oded</strong></span> <span class='ocrx_word' id='word_1_440' title='bbox 891 4447 957 4499; x_wconf 85' lang='lat' dir='ltr'><strong>Mal.</strong></span> <span class='ocrx_word' id='word_1_441' title='bbox 1029 4447 1073 4514; x_wconf 82' lang='lat' dir='ltr'><strong>ta)</strong></span> <span class='ocrx_word' id='word_1_442' title='bbox 1091 4438 1250 4500; x_wconf 72' lang='lat' dir='ltr'><strong>deeidam</strong></span> <span class='ocrx_word' id='word_1_443' title='bbox 1267 4462 1300 4513; x_wconf 84' lang='lat' dir='ltr'><strong>pr</strong></span> <span class='ocrx_word' id='word_1_444' title='bbox 1313 4446 1352 4510; x_wconf 83' lang='grc' dir='ltr'><strong>Σ,</strong></span> <span class='ocrx_word' id='word_1_445' title='bbox 1372 4446 1468 4497; x_wconf 87' lang='lat' dir='ltr'><strong>eadem</strong></span> 
     </span>
     <span class='ocr_line' id='line_1_44' title="bbox 323 4529 1027 4588; baseline 0.003 -7"><span class='ocrx_word' id='word_1_446' title='bbox 323 4536 353 4581; x_wconf 93' lang='lat' dir='ltr'><strong>nt</strong></span> <span class='ocrx_word' id='word_1_447' title='bbox 369 4529 479 4583; x_wconf 79' lang='lat' dir='ltr'><strong>videtur</strong></span> <span class='ocrx_word' id='word_1_448' title='bbox 498 4546 580 4582; x_wconf 86' lang='lat' dir='ltr'><strong>mann</strong></span> <span class='ocrx_word' id='word_1_449' title='bbox 597 4549 614 4585; x_wconf 86' lang='grc' dir='ltr'><strong><em>ν</em></strong></span> <span class='ocrx_word' id='word_1_450' title='bbox 633 4530 752 4584; x_wconf 89' lang='lat' dir='ltr'><strong>delente.</strong></span> <span class='ocrx_word' id='word_1_451' title='bbox 773 4529 816 4588; x_wconf 84' lang='grc' dir='ltr'><strong>Ω.</strong></span> <span class='ocrx_word' id='word_1_452' title='bbox 837 4531 869 4587; x_wconf 74' lang='grc' dir='ltr'><strong>Τ.</strong></span> <span class='ocrx_word' id='word_1_453' title='bbox 886 4549 907 4587; x_wconf 86' lang='lat' dir='ltr'><strong>a.</strong></span> <span class='ocrx_word' id='word_1_454' title='bbox 927 4533 1027 4585; x_wconf 87' lang='lat' dir='ltr'><strong>Vindl.</strong></span> 
     </span>
    </p>
   </div>
   <div class='ocr_carea' id='block_1_5' title="bbox 0 0 1980 5609">
    <p class='ocr_par' dir='ltr' id='par_1_11' title="bbox 0 0 1980 5609">
     <span class='ocr_line' id='line_1_45' title="bbox 0 0 1980 5609; baseline 0 0"><span class='ocrx_word' id='word_1_455' title='bbox 0 0 1980 5609; x_wconf 95' lang='lat' dir='ltr'><strong> </strong></span> 
     </span>
    </p>
   </div>
  </div>
 </body>
</html>
