3950 5609
525 499 566 561 38
774 514 997 562 nnuosrnsurs
1013 515 1067 558 on,
1079 512 1244 564 Auruncos
1258 514 1427 558 nerrmurn

526 663 616 749 παρὰ
637 666 746 731 πάντα
767 663 827 731 τὸν
843 663 967 749 χρόνον
983 661 1272 745 λειτουργήσωσιν
1285 657 1404 746 ἡμῖν,2
1423 662 1503 741 τούς
1523 664 1676 743 ἅπαντας

526 764 691 845 ιίπίστιος3
718 764 802 851 πρὸς
827 764 932 851 ἡμολς4
960 760 1085 840 αὐτοὺς
1109 764 1300 847 ὃιαθῶμεν;
1328 762 1417 828 Ἀλλ’
1440 770 1539 851 ίσμεν
1561 767 1675 833 ἐκεῖνο

488 898 513 936 ιο
527 868 653 953 δήπου,
684 866 736 934 ὅτι
757 866 1038 952 λειτουργήσουσι
1057 866 1136 950 μέν,
1167 855 1296 944 ἄνισος)5
1315 862 1336 950 ἦ
1357 867 1454 943 πόλις
1473 858 1513 953 ᾖ,
1538 872 1673 953 πολλοί,

526 970 582 1035 καὶ
597 967 680 1035 odet
704 968 978 1052 ε’πιλείιγουσιν,7
1000 958 1041 1032 εὖ
1062 965 1100 1033 δὲ
1115 976 1226 1033 ποιεῖν
1247 964 1352 1050 ἡμᾶς8
1372 966 1485 1046 οὐδεὶς
1505 970 1674 1055 ἐθελήσει,

526 1069 605 1148 τούς
620 1070 787 1156 πρότερον
802 1071 1008 1157 ποιήσαντας
1023 1064 1084 1135 ἐὰν
1098 1066 1323 1154 ἠδικημένους
1338 1068 1439 1155 sitini
1477 1072 1548 1160 (23)
1565 1067 1674 1138 Εἶεν.Ῑ

528 1174 559 1239 εί
573 1174 610 1239 δὲ
627 1171 668 1257 δι)
684 1171 725 1239 τὰ
739 1170 874 1259 μάλιστ’
892 1171 1089 1239 ἐπέλειπον2
1103 1170 1139 1235 ot
1151 1181 1309 1254 χορηγεῖν
1323 1161 1393 1236 οἷοί
1405 1188 1456 1237 τε·
1489 1170 1575 1257 πρὸς
1590 1172 1675 1252 Διὸς

488 1306 513 1343 e
527 1276 691 1360 πότερον8
707 1286 861 1360 κρεῖττον
875 1266 919 1361 ἦν
935 1276 982 1353 είς
997 1272 1196 1339 συντέλειαν
1210 1269 1350 1355 ἀγαγεῖν
1363 1270 1422 1351 τὰς
1436 1278 1595 1359 χορηγίας
1609 1275 1673 1353 ὥς·

527 1558 640 1630 triginte
655 1556 780 1613 homines
796 1555 858 1630 plus
873 1557 902 1611 in
918 1562 1006 1612 totum
1022 1563 1130 1629 tempus
1145 1568 1258 1609 munera
1273 1552 1353 1611 nohis
1368 1554 1482 1618 obeant.
1503 1556 1564 1613 ideo
1580 1574 1674 1615 ornnes

526 1640 676 1697 tliilidentiu
698 1643 727 1697 in
750 1659 800 1699 rios
821 1643 898 1717 ipsos
919 1640 1089 1697 imbuamusl
1118 1637 1171 1695 Sed
1189 1636 1256 1694 illud
1271 1637 1417 1697 obscurum
1432 1641 1557 1716 prolecto
1572 1645 1674 1699 nemini

526 1733 583 1789 ost.
611 1725 669 1783 iore
691 1728 738 1801 qui
760 1743 872 1783 munem
893 1725 1007 1788 obeant.
1034 1723 1164 1782 incolumi
1185 1724 1307 1787 civitate.
1329 1725 1432 1783 multos
1452 1742 1544 1801 neque
1563 1726 1674 1785 illomm

526 1811 609 1869 iillum
626 1811 683 1869 iore
698 1814 856 1887 penuriam,
877 1820 905 1867 nt
925 1814 972 1885 qui
989 1810 1069 1869 nobis
1084 1807 1256 1867 benefactum
1272 1810 1352 1873 velit,
1373 1810 1419 1867 ubi
1441 1815 1613 1887 perspexerit
1633 1815 1674 1869 in·

526 1898 623 1954 iuriam
640 1899 673 1953 iis
689 1898 802 1960 iactam.
819 1897 865 1971 qui
880 1896 950 1953 bene
966 1896 999 1952 de
1015 1892 1155 1969 republica
1170 1895 1260 1951 meriti
1277 1894 1397 1960 luerunt,
1414 1914 1495 1957 nemo
1511 1900 1673 1973 reperietur.

527 1980 589 2054 (23)
613 1980 667 2038 Sed
687 1984 770 2039 missu
792 1980 1026 2044 imminuamus,
1048 1980 1116 2037 illud
1136 1983 1189 2037 iem
1211 1980 1364 2045 videamus.
1387 1983 1410 2037 si
1430 1981 1596 2059 plerumque
1610 1984 1675 2042 obe-

527 2068 605 2124 undis
628 2068 786 2125 muneribus
808 2084 888 2143 peres
908 2066 1051 2131 decsseut;
1077 2082 1128 2140 per
1141 2064 1231 2123 lovem
1252 2074 1344 2123 utrum
1364 2076 1519 2142 praestaret
1540 2068 1675 2127 ordinaria

526 2170 639 2210 munera
654 2152 779 2228 synteliis
801 2150 1030 2226 (collationibus),
1055 2150 1281 2226 quemadmodum
1300 2153 1497 2211 instructiones
1512 2155 1674 2219 triremium.

594 2319 620 2383 2)
641 2319 734 2370 ‘Haec
757 2318 810 2370 fuit
833 2334 913 2385 quum
937 2318 970 2368 do
994 2317 1122 2369 luiatnra
1144 2318 1305 2369 viderentur
1322 2319 1389 2370 mihi
1407 2326 1537 2387 suspecta
1556 2327 1585 2373 et
1604 2321 1675 2373 ordi·

527 2405 619 2454 nenda
637 2404 688 2456 teli
705 2404 798 2455 modo:
819 2402 868 2455 ίνα
887 2388 940 2455 οὖν
957 2396 1114 2467 τριάκοντα
1133 2391 1284 2469 ἄνθρωποι
1301 2392 1321 2468 ἦ
1338 2404 1455 2465 πλείους
1473 2399 1675 2477 λειτουργήσα-

527 2504 572 2541 σιν
600 2480 671 2557 ἡμῖν
693 2488 807 2555 (nempe
830 2490 859 2538 in
882 2488 1007 2555 singulos
1032 2488 1134 2555 annos)
1158 2482 1226 2548 τούς
1248 2476 1382 2550 ἅπαντας
1404 2484 1483 2555 παρὰ
1507 2486 1603 2543 πάντα
1625 2484 1675 2544 τὸν

528 2570 630 2643 χρόνον
650 2574 695 2638 (in
713 2590 792 2626 omne
811 2572 935 2640 tempus)
955 2564 1080 2632 ἀπίστως
1097 2564 1168 2639 πρὸς
1185 2565 1263 2641 ἡμᾶς
1281 2564 1388 2636 αὖτούς
1405 2574 1572 2642 διαθῶμενς
1596 2576 1675 2639 Quod

528 2665 589 2712 eret
606 2660 774 2710 sententium
793 2664 961 2725 pervertere.
997 2657 1099 2710 Orator
1115 2659 1168 2709 hoc
1186 2658 1266 2709 dicit:
1298 2660 1352 2722 Qui
1375 2662 1454 2713 nobis
1473 2660 1602 2729 catologo
1621 2659 1675 2715 τῶν

527 2737 768 2811 λειτουργούντων
786 2745 851 2795 novi
870 2743 934 2795 eddi
952 2748 1067 2810 possunt
1083 2744 1147 2811 lege
1164 2744 1306 2809 Leptinis,
1330 2744 1351 2795 ii
1368 2747 1485 2811 primum
1503 2750 1611 2798 tentum
1628 2747 1675 2797 tri·

527 2830 606 2897 gintn
629 2833 707 2893 sunt,
734 2835 791 2881 turn
819 2844 854 2879 nc
876 2828 926 2879 hos
950 2829 1058 2895 quidem
1082 2828 1199 2895 triginta
1222 2828 1250 2878 in
1274 2829 1397 2897 singulos
1419 2830 1558 2883 lucremur
1580 2847 1674 2897 annos,

528 2916 577 2967 sed
594 2916 724 2966 universe
743 2916 770 2965 in
790 2930 869 2965 omne
887 2920 996 2981 tempus
1015 2912 1094 2979 [dum
1113 2914 1187 2965 orbis
1206 2914 1240 2964 ed
1259 2912 1375 2967 eundum
1393 2914 1490 2982 reditJ.
1526 2916 1674 2968 'lentulum

528 3004 570 3051 est
592 3000 710 3050 lucrium!
744 3003 834 3066 Atque
859 3000 886 3051 id
908 3004 939 3050 ut
957 3000 1109 3062 iaciemus,
1135 3000 1214 3051 fidem
1235 3005 1358 3053 nostrum
1377 3000 1448 3068 opud
1466 3017 1560 3054 omnes
1578 3006 1675 3069 gentes
1764 3005 1769 3011 '

527 3084 763 3151 periclitabimur?
790 3084 879 3151 Igitur
900 3100 970 3136 voco
994 3090 1058 3135 sunt
1075 3078 1208 3136 ⁴acuendo
1225 3077 1303 3153 παρὰ
1321 3078 1418 3139 πάντα
1435 3080 1486 3141 τὸν
1508 3081 1625 3154 χρόνον,
1648 3090 1675 3138 et

527 3172 663 3237 oppositio
683 3176 726 3221 est
743 3171 903 3237 quaerenda
922 3172 950 3221 in
969 3162 1124 3234 τριάκοντα
1143 3162 1295 3237 ἄνθρωποι
1313 3177 1342 3223 et
1359 3168 1426 3234 τους
1443 3162 1594 3233 ἅπαντας)
1624 3174 1675 3226 Fr.

526 3258 559 3307 A.
578 3255 670 3307 Wolf
675 3256 736 3307 ius.
774 3256 843 3307 ‘Sed
861 3257 931 3308 haec
950 3258 1013 3323 ipse
1032 3256 1170 3324 oppositio
1188 3258 1233 3307 vix
1251 3258 1356 3323 petitur
1372 3248 1598 3325 poste’e'rdponroe
1611 3253 1675 3309 eddi

526 3342 690 3407 particulam
708 3330 751 3408 ἢ.’
788 3340 1005 3394 Schaeferus.
1028 3370 1061 3379 —
1079 3369 1113 3379 -
1140 3342 1195 3393 Pro
1213 3334 1284 3411 ἡμῖν
1308 3342 1414 3394 ‘melini
1433 3331 1453 3410 ἢ
1469 3342 1523 3395 νῦν
1541 3343 1602 3395 scil.
1620 3344 1674 3393 λει-

527 3425 719 3493 τουργοῦσιν.’
752 3428 922 3479 Reiskius.
962 3428 1063 3480 Merito
1086 3422 1245 3495 improbent
1265 3430 1313 3479 Fr.
1331 3430 1364 3481 Α.
1382 3428 1498 3479 Wolfins
1522 3434 1550 3479 st
1573 3426 1673 3480 Schue-

528 3512 610 3563 ierus.
681 3510 706 3575 3)
727 3502 864 3573 ἀπίστους
881 3512 989 3565 Aldetc.
1010 3514 1137 3566 corrMel.
1156 3514 1274 3581 Apsinss
1292 3514 1343 3564 Rh.
1362 3514 1395 3568 T.
1412 3514 1452 3565 IX
1470 3530 1495 3580 p.
1513 3514 1562 3564 511
1580 3514 1624 3564 W.
1641 3538 1675 3548 -

527 3587 653 3657 ἀπίστως
665 3595 698 3648 Σ,
713 3597 817 3647 LeurS.
836 3596 911 3663 vulg,
947 3598 1108 3651 ‘Adiectiro
1127 3600 1152 3649 si
1168 3599 1209 3649 uti
1226 3598 1364 3650 voluisset
1375 3599 1589 3662 Demosthenes,
1608 3599 1674 3649 seri·

527 3683 617 3749 psisse
636 3682 731 3735 debuit
748 3673 979 3749 καταστήσωμεν.
1015 3684 1074 3734 Non
1093 3684 1257 3735 adversetur
1274 3683 1318 3734 his
1337 3698 1384 3743 es,
1403 3699 1475 3749 quse
1493 3684 1576 3735 docet
1592 3684 1674 3734 Hem-

528 3767 683 3819 sterhusius
707 3766 742 3817 ed
765 3768 882 3817 Lucicn.
928 3768 1036 3833 Nigrin.
1061 3786 1087 3836 p.
1106 3766 1162 3823 80!
1196 3770 1299 3822 usn.
1319 3768 1475 3823 Wolfins.
1548 3768 1576 3835 t)
1600 3762 1675 3835 ὑμᾶς

528 3852 635 3904 Aldetc.
655 3880 686 3888 -
706 3842 782 3918 ἡμᾶς
800 3850 834 3905 Σ.
848 3853 952 3904 LourS.
965 3853 1041 3919 vulg.
1109 3854 1136 3921 d)
1156 3844 1229 3920 ἄτερ
1246 3871 1279 3921 pr
1296 3850 1330 3905 Σ.
1350 3856 1378 3919 (ν
1397 3853 1451 3905 edd
1469 3852 1568 3919 antiq).
1586 3851 1618 3908 Ω
1635 3853 1676 3915 (in

528 3954 605 4004 marg
623 3926 679 4001 ἄν).
699 3954 731 4003 pr
742 3936 806 3987 Mal.
827 3927 900 4006 ἅπερ
921 3939 952 3991 Τ.
970 3956 992 3991 s.
1012 3939 1109 3993 Vindl.
1174 3940 1201 4004 6)
1221 3930 1274 3991 οὖν
1293 3955 1336 3990 om
1353 3956 1376 3991 r.
1394 3939 1494 3990 vinde.
1512 3955 1544 4005 pr
1554 3938 1625 4001 Mul,
1644 3938 1674 3988 in

428 4010 430 4015 ¹
528 4039 580 4088 quc
600 4022 652 4072 edd
672 4022 734 4073 Chr.
788 4022 814 4087 t)
834 4014 1025 4090 ἐπιλήψουσιν
1043 4042 1076 4091 pr
1091 4021 1130 4078 Ω.
1149 4024 1245 4075 Vindl.
1299 4025 1326 4088 8)
1345 4015 1525 4091 ripcierlngl.
1578 4023 1605 4089 9)
1626 4020 1677 4089 ἴδη

526 4107 601 4173 vulg.
615 4134 649 4143 -
667 4097 724 4173 ἤδη
735 4107 833 4162 Vindl.
847 4135 881 4145 —
900 4106 975 4175 ειδηι
994 4126 1026 4176 pr
1038 4110 1075 4173 Σ,
1096 4111 1234 4161 recentior
1252 4126 1278 4162 ει
1295 4110 1414 4160 mutavit
1431 4110 1460 4158 in
1479 4126 1498 4161 ι.
1514 4135 1546 4144 -
1564 4107 1675 4159 Lean:

528 4220 580 4279 ἐὰν
597 4216 789 4293 ἠδικημένους
808 4223 873 4294 strip
891 4186 958 4289 ξονς
975 4221 1114 4294 πρότερον
1135 4223 1321 4295 ποιήσαντας.

596 4308 645 4368 23.
681 4314 705 4376 1)
729 4304 789 4365 εἷεν
812 4313 916 4365 excidit
937 4314 966 4365 in
987 4315 1051 4365 Pel.
1120 4313 1147 4380 λ)
1171 4306 1307 4368 tuditano
1328 4313 1434 4366 LeurS.
1457 4314 1529 4380 vulg.
1550 4340 1581 4349 -
1612 4327 1677 4364 επε-

529 4398 628 4449 λειπον
640 4398 675 4449 Σ.
688 4399 856 4463 rectissime,
874 4398 908 4451 de
925 4414 956 4450 re
974 4400 1103 4465 repetite.
1167 4399 1193 4463 3)
1210 4393 1348 4469 πρότερον
1358 4417 1380 4452 r.
1393 4399 1491 4452 Vindl.
1556 4397 1584 4462 4)
1604 4390 1676 4463 σίγα-

530 4472 616 4546 γόντα
639 4474 690 4543 τὰς
713 4482 849 4549 χορηγίας
870 4480 921 4537 sui
944 4475 1018 4536 κατὰ
1040 4475 1132 4535 ταύτὰ
1151 4488 1215 4545 ταῖς
1232 4486 1431 4553 τριηραρχίας
1452 4488 1507 4537 etc.
1541 4482 1676 4549 syrianus

529 4566 864 4633 mumpmm
