3950 5609
566 562 626 627 114
810 581 1029 626 omuosrrmms
1048 585 1098 626 on.
1113 581 1276 626 anvnsens
1292 579 1457 624 termnum.

564 730 678 807 idut9⁰
694 731 767 795 καί1
783 726 867 794 κατὰ
881 727 1007 813 σχολὴν
1023 729 1251 814 σκεψάμενος,
1274 726 1337 793 ἂν)
1353 720 1394 813 ᾗ)
1415 728 1472 793 καὶ
1483 730 1507 768 ¹⁰
1524 727 1704 793 dinanensi

564 833 796 918 συμφέροντα,
817 835 922 896 ταῦτα
946 832 1160 916 νομοθετῇ.11
1212 830 1350 896 Τούτων
1371 833 1510 912 τοίνυν,
1538 829 1706 894 τοσούτων

562 933 674 1000 ὄντων
694 933 869 1000 δικαίων12
889 930 927 998 τὸ
948 936 1090 1016 πλῆθος,
1112 930 1228 998 οὑτοσὶ
1244 931 1307 1018 μὲν
1322 927 1398 998 οὐδ’
1414 929 1535 997 ὁτιοῦν
1553 932 1707 1016 ἐποίησεν

525 1060 551 1098 aa
565 1039 731 1120 Λεπτίνης
746 1033 842 1121 (οὐδὲ
854 1036 879 1076 ¹³
892 1031 958 1117 γὰρ
973 1031 1016 1099 ἂν
1027 1035 1049 1074 ¹⁴
1066 1031 1161 1118 ὑμεῖς
1176 1033 1252 1099 ποτ’
1263 1035 1288 1074 ¹⁵
1305 1034 1496 1117 ἐπείσθητε,
1512 1030 1560 1109 ὡς
1576 1029 1644 1115 ἐγώ
1656 1055 1707 1096 νο-

562 1138 654 1222 μίζω,
669 1138 795 1204 θέσθαι
810 1134 870 1202 τὸν
885 1135 1022 1222 μόμον),
1038 1133 1132 1221 ἡμεῖς
1147 1135 1193 1219 d’,
1210 1127 1237 1201 oi
1253 1134 1375 1220 ἄνδρες
1388 1133 1575 1219 Ἀθηναῖοι,
1593 1135 1707 1216 πάντα,

563 1241 619 1304 καί
634 1239 900 1324 παρειςφέρομεν
921 1241 1035 1323 πολλῷ
1051 1239 1107 1302 καί
1118 1239 1142 1278 ¹⁰
1157 1243 1297 1320 κρείττω
1308 1239 1330 1278 ¹⁷
1347 1238 1402 1302 uni
1419 1236 1640 1320 δικαιότερον
1654 1241 1708 1300 τοι·1

563 1383 653 1440 nuriitn
680 1392 708 1438 et
733 1399 781 1457 per
806 1385 891 1438 otium
916 1381 1102 1442 considerata.
1130 1397 1198 1455 quae
1225 1389 1252 1436 et
1280 1382 1350 1436 insto
1374 1388 1466 1436 essent
1481 1389 1509 1436 et
1525 1381 1623 1440 ntiiia.
1650 1381 1709 1435 itare

563 1469 621 1524 suis
641 1467 779 1540 sniiragiis
799 1467 999 1541 comprobaret.
1044 1463 1169 1533 Qnarnvis
1190 1467 1276 1540 igitur
1303 1473 1344 1521 tot
1366 1467 1424 1522 iura
1446 1466 1472 1520 in
1494 1475 1630 1540 promptu
1651 1465 1709 1522 sint.

563 1553 608 1608 hic
618 1553 747 1627 Leptines
762 1552 829 1608 nihil
844 1553 942 1608 horum
955 1552 1020 1608 iecit
1031 1550 1130 1626 (neque
1142 1552 1213 1607 enim
1226 1550 1303 1608 vobis
1319 1568 1438 1624 unquam
1454 1567 1621 1624 persuasum
1632 1559 1708 1612 esset

517 1658 523 1669 ·
564 1645 595 1692 nt
609 1637 736 1704 arbitror,
760 1644 791 1693 nt
805 1637 893 1712 legero
909 1637 980 1694 hane
995 1633 1174 1710 probaretis).
1191 1654 1241 1692 nos
1256 1653 1321 1692 voro
1337 1637 1435 1697 omnia.
1452 1635 1653 1696 Athenienses.
1676 1634 1709 1690 ia·

564 1721 665 1784 cimus.
686 1731 714 1779 et
729 1721 935 1786 substituimus,
953 1739 1033 1796 qnam
1049 1721 1092 1777 ier
1109 1731 1151 1777 est
1166 1722 1263 1783 istius.
1294 1721 1380 1777 multo
1397 1729 1424 1776 et
1439 1723 1671 1794 praestantiorem
1685 1729 1707 1773 et

622 1821 768 1828 -—--—-

631 1856 659 1920 6)
677 1846 824 1918 πολλάκις]
838 1853 864 1904 Σ
874 1855 976 1919 primas
995 1857 1052 1904 tres
1070 1855 1167 1904 literas
1184 1853 1212 1904 in
1225 1853 1312 1903 tribus
1325 1858 1477 1918 quatuorve
1490 1867 1606 1903 versum
1620 1851 1707 1901 finien-

564 1937 638 1988 tibus
651 1937 742 1989 literis
755 1941 843 1989 erasis
855 1939 975 1991 exhibet.
994 1939 1082 1988 forma
1095 1939 1194 2004 prioris
1207 1939 1222 1989 λ
1235 1943 1278 1988 est
1289 1937 1372 2003 panio
1384 1939 1557 1991 inusitatior.
1619 1937 1646 2000 7)
1659 1934 1709 1986 τῶν

565 2025 633 2074 Mor.
652 2039 796 2089 operarum
815 2023 908 2089 eulpa,
928 2029 958 2072 nt
970 2023 1089 2074 videtur.
1101 2050 1135 2061 -
1152 2019 1289 2082 πολλάκις
1301 2019 1350 2073 καλ
1363 2017 1436 2073 κατὰ
1449 2013 1557 2088 σχόλην
1575 2021 1614 2072 ab
1627 2013 1708 2070 οἶκοί-

564 2121 616 2168 σας
634 2108 805 2160 secernenda
829 2113 857 2158 et
880 2123 941 2158 oum
963 2088 1143 2172 oraddpevoc
1166 2107 1351 2158 construenda
1373 2123 1433 2158 esse
1452 2107 1562 2157 Βαλίον
1580 2108 1708 2156 Mnemos.

567 2194 678 2244 186611
699 2211 725 2259 p.
744 2195 808 2254 224,
835 2193 919 2242 etiam
942 2189 992 2244 καλ
1013 2198 1076 2244 onte
1100 2187 1234 2248 πολλάκις
1257 2191 1414 2242 addendum
1433 2197 1541 2254 censet,
1566 2193 1638 2258 qnia
1659 2205 1708 2240 una

564 2283 671 2327 tantum
691 2279 781 2328 contio
800 2279 935 2328 intererat
953 2278 1025 2326 inter
1043 2279 1171 2342 primam,
1199 2293 1252 2343 qua
1270 2293 1343 2328 nova
1361 2277 1404 2326 lex
1424 2275 1582 2340 ferebatur,
1612 2280 1641 2326 et
1661 2281 1708 2325 ter-

565 2362 644 2424 tiam,
658 2378 713 2426 qno
725 2362 758 2412 de
769 2362 941 2412 Nomotiretis
954 2361 1135 2426 designandis
1149 2362 1357 2414 decernebatur.
1387 2361 1423 2411 At
1435 2365 1657 2412 consentaneum
1671 2365 1708 2410 est

565 2448 739 2510 rogationem
756 2447 850 2497 statim
871 2447 955 2496 etiam
974 2446 1003 2494 in
1022 2447 1110 2512 prima
1128 2447 1255 2496 contione
1273 2447 1420 2496 recitatam
1437 2446 1525 2496 fuisse
1545 2447 1668 2512 itemque
1684 2449 1707 2494 in

565 2532 662 2592 tertia,
686 2536 750 2581 onte
775 2547 856 2595 qnam
881 2531 1044 2581 decerneret
1066 2531 1194 2596 populns,
1218 2547 1286 2581 voce
1305 2531 1371 2581 viva
1388 2531 1550 2597 repetitam,
1574 2537 1607 2581 nt
1625 2533 1654 2581 in
1671 2547 1706 2580 se·

566 2615 666 2668 conda.
702 2616 794 2677 Qrtnre
813 2616 899 2666 etiam
917 2614 951 2680 τῇ
970 2607 1105 2681 ἐκκλησίᾳ
1123 2616 1147 2664 ei
1166 2617 1227 2680 qnia
1246 2617 1412 2676 coniecerit,
1435 2615 1642 2682 reprobandum
1660 2621 1706 2664 est.

564 2699 660 2765 Neque
678 2715 747 2766 opus
764 2701 887 2750 Dobreei
905 2700 1080 2750 coniectura:
1110 2700 1193 2750 ‘Vide
1214 2717 1250 2750 an
1268 2693 1299 2752 ἐν
1318 2699 1410 2765 τρισὶν
1428 2693 1596 2767 ἐκκλησίαις
1614 2700 1707 2765 legerit

565 2784 721 2850 Ulpianus)
757 2786 818 2836 Non
836 2790 901 2849 puto
920 2784 1097 2835 scholiastam
1117 2785 1173 2835 aiio
1192 2801 1272 2850 qnam
1290 2785 1405 2851 vulgata
1418 2784 1537 2850 legisse3
1556 2791 1707 2836 rectorem

565 2869 611 2919 hie
630 2869 701 2944 dieii
719 2875 776 2920 tres
794 2869 880 2920 inisse
899 2871 1048 2921 contiones.
1118 2869 1145 2934 8)
1164 2887 1201 2920 αν
1220 2887 1250 2935 pr
1270 2871 1307 2932 Σ,
1329 2870 1384 2920 ntid
1403 2871 1479 2935 antiq
1499 2857 1531 2934 d,
1552 2877 1584 2920 nt
1602 2858 1707 2948 espetd

565 2994 616 3068 dv,
635 3009 667 3054 nt
684 3006 786 3056 Laan.
805 3006 878 3071 κολα.
897 3033 929 3042 -
947 2995 985 3056 o‘r'v
1001 3008 1033 3058 Y.
1052 3033 1083 3042 -
1102 2995 1140 3057 dv
1151 3005 1191 3059 Ω,
1204 3023 1225 3055 a.
1241 3007 1321 3059 Lind.
1334 3006 1430 3057 Vindl.
1443 3007 1469 3058 4.
1485 3005 1553 3056 Mai.
1573 3035 1604 3042 -
1625 2956 1706 3057 3:11.

564 3090 629 3144 Vid.
647 3091 776 3156 Prolegg.
797 3090 916 3142 Granum.
940 3094 964 3152 §-
985 3095 1016 3141 16
1040 3108 1065 3157 p.
1087 3095 1117 3142 16
1141 3096 1197 3141 not.
1271 3077 1334 3158 9)ᾖ
1359 3107 1401 3142 om
1425 3089 1523 3142 vinda.
1600 3093 1644 3154 10)
1663 3086 1704 3140 καί

566 3193 608 3226 σοι
628 3176 659 3226 F.
678 3177 765 3242 Angl.
783 3176 808 3227 λ’.
827 3176 878 3240 (an
895 3180 926 3226 s?
945 3193 980 3226 an
999 3177 1016 3226 Ιι
1034 3181 1061 3226 et
1077 3177 1131 3240 οἳ).
1212 3175 1253 3240 11)
1272 3175 1431 3242 νομοθετεῖ
1447 3177 1524 3242 Angl
1549 3177 1615 3239 (tide
1633 3177 1705 3227 Reis-

566 3259 628 3327 kii).
647 3259 746 3313 vindi.
816 3260 857 3327 12)
877 3260 999 3313 δικαίων
1018 3250 1108 3312 ὄντων
1125 3259 1232 3311 didete.
1250 3268 1269 3313 t.
1282 3279 1303 3312 ν.
1318 3261 1351 3316 X.
1369 3253 1511 3313 -ὄντων
1528 3278 1572 3311 om
1591 3278 1623 3328 pr
1635 3263 1666 3312 F.
1678 3285 1704 3294 -

566 3346 639 3394 Bar:
662 3361 753 3396 οντων
771 3344 906 3409 δικαίων,
929 3351 960 3395 nt
977 3345 1011 3396 Σ.
1032 3345 1135 3396 Laan.
1154 3345 1228 3411 vulg.
1247 3371 1282 3382 -
1303 3345 1449 3397 Dobraeus
1471 3347 1579 3398 meruit
1596 3343 1651 3398 τῶν
1668 3345 1704 3396 dr·

566 3430 658 3481 καίων
681 3434 745 3495 poet
765 3429 878 3496 πλῆθος
900 3447 1017 3495 ponere,
1043 3436 1118 3481 certe
1137 3427 1193 3481 τῶν
1215 3430 1332 3494 addere,
1357 3446 1521 3497 comparans
1544 3449 1570 3498 p.
1587 3435 1650 3494 496,
1670 3433 1703 3482 1⁹.

567 3514 660 3581 Steph.
679 3516 692 3564 1
711 3530 737 3583 p.
758 3516 836 3578 nee,
854 3518 896 3564 22.
920 3532 945 3580 p.
967 3518 1046 3580 1125,
1065 3517 1111 3578 26,
1136 3516 1181 3578 qui
1202 3515 1258 3566 iooi
1276 3531 1330 3577 non
1348 3517 1468 3582 probant
1485 3517 1632 3568 artioninm
1650 3531 1704 3566 esse

566 3599 763 3649 neeessariam.
793 3615 856 3649 nam
874 3593 980 3652 τούτων
998 3599 1100 3666 pendet
1117 3601 1152 3649 ab
1170 3591 1235 3652 oie·
1254 3593 1362 3652 ὁτιοῦν.
1433 3599 1475 3666 13)
1494 3593 1703 3668 eostorgii.

568 3682 611 3748 11)
630 3670 668 3734 ἓν
686 3699 728 3732 om
742 3683 840 3734 vindi.
912 3685 952 3748 16)
972 3678 1085 3736 πάντοτε
1104 3685 1154 3736 eod
1168 3701 1189 3736 e.
1210 3713 1241 3721 -
1260 3700 1324 3736 τοτε
1337 3686 1434 3748 vindi,
1452 3690 1484 3735 nt
1500 3687 1530 3736 in
1549 3687 1613 3738 aliis
1631 3683 1702 3736 codd

567 3768 743 3820 scholiorum.
763 3796 793 3803 -
818 3761 944 3820 ίτιιάττοτε
961 3771 1072 3835 placore
1091 3769 1205 3820 debebit
1224 3771 1272 3832 iia,
1291 3771 1316 3820 si
1334 3772 1382 3835 qni
1400 3765 1519 3820 animum
1538 3771 1702 3829 induxerunt,

567 3843 708 3906 οὐδέκοτε
731 3869 785 3903 non
806 3855 861 3903 nisi
884 3869 945 3904 enm
969 3857 1059 3906 tuturo
1083 3861 1111 3904 et
1134 3844 1316 3907 οὐδεπώποτε
1338 3872 1394 3907 non
1411 3858 1465 3906 nisi
1483 3871 1543 3907 eum
1562 3855 1702 3923 praeterito

568 3939 658 4004 iungi,
689 3937 761 4004 qnod
788 3944 967 4006 praeceptnm
997 3945 1039 3990 est
1066 3941 1200 3990 Brnnekii
1227 3939 1262 3989 ad
1285 3941 1423 4007 Aristopir.
1447 3942 1564 4006 Lysistr.
1591 3958 1628 3994 ss.
1649 3943 1700 3992 3⁰1.

568 4023 678 4073 Tirosm.
697 4039 737 4076 vs.
755 4027 797 4074 32.
833 4024 910 4078 Eeei.
929 4040 970 4075 rs.
991 4026 1041 4074 384
1065 4041 1082 4074 a
1100 4025 1194 4076 multis
1213 4027 1369 4090 repetitum.
1405 4026 1460 4076 Sed
1479 4028 1590 4078 cautino
1607 4027 1701 4077 verina·

568 4121 622 4171 que
640 4108 763 4158 Pieraon.
783 4109 819 4158 ad
840 4109 990 4160 Herodian.
1010 4127 1035 4175 p.
1054 4111 1116 4172 tot,
1137 4128 1151 4161 e
1171 4127 1223 4174 qno
1242 4113 1424 4176 grammatino
1441 4113 1643 4163 animadversio
1659 4087 1700 4158 flu·-

568 4193 617 4242 xit.
652 4193 695 4243 Ci.
714 4193 1027 4245 Seiioi.Ven.liiad.A.
1047 4195 1158 4246 valed.
1195 4195 1342 4247 Oratornm
1362 4203 1390 4247 et
1408 4201 1551 4262 poetarum
1570 4197 1702 4247 ioeasnnt
1779 4221 1780 4298 p

568 4277 669 4340 molta,
690 4294 762 4342 qrrae
779 4271 919 4331 οὐδέποτε
936 4279 1012 4330 claro
1032 4281 1184 4330 detondant
1201 4297 1254 4331 non
1275 4287 1382 4331 tantum
1401 4297 1461 4330 oum
1481 4281 1593 4343 suturis,
1616 4279 1660 4332 ned
1677 4285 1700 4327 et
1779 4301 1780 4366 p

569 4377 629 4410 rum
647 4364 807 4428 praeteritis
825 4365 1033 4420 constructum)
1053 4367 1076 4416 F
1083 4382 1104 4416 r.
1118 4367 1149 4416 A.
1164 4367 1253 4416 wolf
1258 4369 1317 4416 ins.
1354 4367 1428 4416 ‘Vid
1447 4366 1598 4420 Commeat.
1610 4367 1636 4416 in
1647 4363 1700 4415 Ari·
1779 4371 1780 4392 1

567 4445 656 4512 steph.
675 4447 707 4496 Τ.
726 4448 765 4497 lv
782 4465 809 4514 p.
828 4451 876 4501 697
896 4455 924 4500 et
942 4451 1065 4501 Loberk.
1086 4451 1122 4500 ad
1141 4451 1292 4504 Herodian.
1310 4468 1336 4518 p.
1354 4454 1404 4502 467
1422 4450 1474 4517 sq.'
1493 4451 1697 4502 Sehaeserns.
1779 4433 1780 4502 i

569 4530 612 4579 οι.
633 4531 667 4579 aa
686 4532 770 4583 asoa.
791 4537 815 4593 a.
835 4538 875 4586 ιτ.
956 4537 999 4600 ιο)
1018 4533 1066 4586 ιιι
1089 4552 1132 4586 om
1151 4537 1226 4602 vulg.
1246 4535 1337 4602 (nav.)
1369 4562 1401 4571 -
1431 4538 1534 4586 meent
1556 4537 1587 4587 Σ.
1608 4530 1698 4586 naurs.
1779 4509 1780 4580 i

567 4615 655 4680 Angt.
674 4615 730 4680 (λ).
750 4618 802 4668 edd
822 4623 834 4668 l
854 4636 916 4670 rorr
934 4620 970 4671 Π.
1047 4623 1087 4686 17)
1107 4625 1237 4685 κρεῖττον
1255 4639 1277 4672 r.
