3950 5609
565 601 787 645 neruos'rflnuts
803 603 854 644 ΟΒ.
869 601 1033 646 ADVERSUS
1049 603 1217 644 hermumi.
1406 577 1466 644 185

319 752 488 816 eseban¹⁷
533 749 625 836 (162)
643 747 736 815 Ούδὲ
747 747 781 832 γ’
797 747 816 816 ὁ
832 754 899 814 νῦν
914 747 964 814 cdv
976 748 1160 825 Διονύσιος
1173 746 1316 833 ἤλπισεν
1331 745 1465 814 ἅν’ποτ’

319 858 401 929 ἴσως
431 857 538 938 πλοίῳ
566 851 784 937 στρογγύλη)ι
809 851 866 915 καὶ
891 849 1110 934 στρατιώταις
1132 847 1258 933 ὀλίγοις
1277 848 1384 916 Δίων’
1409 851 1465 916 ἑλ-

317 951 420 1020 θόντ’
442 951 500 1038 ἐφ’
521 951 647 1019 αὑτὸν2
668 953 845 1036 innatum
865 950 945 1018 cdv*
964 953 1112 1038 τριήρεις
1132 949 1258 1030 πολλὰς
1278 953 1334 1018 καί
1349 953 1465 1031 ξένους
1486 981 1512 1020 us

320 1055 377 1119 καί
393 1055 507 1133 πόλεις
522 1055 737 1140 κεκτημένον.
781 1053 864 1118 Ἀλλ’
880 1049 989 1140 οἶμαι,
1006 1053 1043 1120 τὸ
1059 1055 1183 1139 μέλλον
1199 1051 1326 1148 ἄδηλον
1341 1055 1465 1120 πᾶσινὁ

318 1155 534 1240 ἀνθρώποις,
570 1157 627 1222 καί
661 1158 775 1244 μικροί
804 1157 916 1240 καιροί
944 1157 1101 1242 μεγάλων
1130 1156 1336 1242 πραγμάτων
1365 1161 1465 1222 αἴτιοι

318 1390 412 1451 nitunt.
428 1390 553 1444 minister
569 1388 632 1450 istit.
649 1387 789 1462 tyrannide
805 1403 967 1461 oppressum
983 1387 1025 1442 iri.
1070 1385 1152 1458 (lut)
1175 1387 1230 1443 Nec
1245 1387 1401 1462 llionysins,
1418 1391 1464 1462 qui

318 1474 408 1529 adime
427 1482 570 1548 superstes
592 1481 646 1535 est.
670 1490 789 1546 unquam
812 1473 929 1528 lortesse
950 1473 1078 1545 opinatus
1093 1481 1149 1532 est.
1173 1472 1232 1528 lere
1248 1481 1277 1528 nt
1293 1491 1306 1527 e
1323 1474 1406 1529 lliene
1423 1491 1466 1530 re-

318 1558 402 1614 tunde
424 1577 490 1627 neve
511 1567 539 1614 ct
560 1561 654 1632 paucis
675 1575 735 1614 cum
758 1557 889 1614 militibus
910 1557 1038 1612 adversos
1060 1575 1092 1614 se
1106 1558 1243 1632 prolecto.
1271 1559 1386 1632 imperio
1402 1577 1465 1632 spu·

316 1644 446 1709 lierctur,
471 1645 517 1717 qui
539 1643 639 1699 multus
660 1644 784 1698 triremes
806 1651 834 1699 et
854 1643 957 1698 milites
978 1650 1006 1698 et
1027 1642 1108 1698 urbes
1130 1643 1294 1716 possideret.
1337 1645 1372 1700 tt
1387 1644 1465 1698 nimi·

317 1745 377 1784 rum
406 1729 528 1785 loturum
557 1728 683 1785 omnibus
704 1727 860 1786 bominibus
886 1727 1033 1784 obscurum
1055 1735 1108 1794 est,
1137 1735 1163 1783 et
1187 1745 1284 1802 pervee
1306 1730 1465 1786 occasiones

316 2017 369 2065 Est
392 2017 465 2068 enim
489 2017 636 2078 absonum,
661 2015 685 2065 si
708 2015 742 2066 ed
761 2019 847 2066 totam
866 2016 1034 2067 sententiam
1055 2015 1174 2076 referes,
1199 2030 1250 2066 nee
1268 2015 1356 2080 magis
1375 2015 1463 2066 leren-

316 2101 394 2165 dum,
414 2101 499 2151 etiem
517 2117 566 2166 per
583 2101 660 2166 leges
679 2101 829 2160 sermonis,
851 2101 875 2150 si
894 2101 929 2151 ed
947 2116 1031 2150 unum
1049 2116 1147 2150 nomen
1167 2095 1359 2166 γραμματέως.
1395 2100 1465 2150 Nam

317 2187 358 2236 sie
377 2185 495 2236 deberet
513 2201 587 2236 esse:
611 2181 797 2251 γραμματέως
815 2176 911 2248 ὄντος,
935 2174 972 2245 ὥς
991 2198 1071 2250 φασι.
1109 2186 1157 2248 nt,
1177 2185 1200 2234 si
1217 2200 1291 2236 nove
1309 2189 1337 2234 et
1355 2184 1465 2236 diversa

318 2287 336 2320 a
356 2265 545 2337 resistentites
569 2269 728 2320 conditione
751 2270 914 2333 accederet,
938 2271 994 2320 ists
1016 2269 1145 2320 molestie
1168 2270 1312 2335 praeteriti
1334 2271 1465 2336 temporis

318 2355 416 2406 eadem
440 2371 489 2406 uos
512 2359 656 2422 premeret.
700 2352 802 2420 [Recte
825 2371 855 2405 se
878 2355 965 2405 hebet
987 2355 1187 2420 imperfectum.
1229 2354 1368 2405 Alacritns
1392 2355 1464 2406 enim

317 2439 487 2492 Graecorum
513 2440 627 2490 emebat
655 2439 688 2490 de
715 2441 874 2503 praeteritis
902 2440 984 2492 rebus
1013 2441 1118 2502 omnis,
1147 2441 1231 2490 etiem
1254 2441 1414 2506 praesentia
1436 2442 1465 2490 in

318 2528 471 2591 praeterito
488 2530 611 2591 tempore
630 2541 754 2575 uerrere.
790 2525 833 2575 De
852 2541 906 2590 qus
925 2524 1127 2576 assimilatione
1145 2525 1200 2575 vid.
1214 2525 1331 2592 Kriiger.
1343 2525 1463 2576 Grumm.

316 2613 340 2672 e.
354 2613 395 2670 ee,
416 2613 440 2672 ι,
459 2611 477 2660 4
494 2627 521 2676 p.
533 2612 584 2662 ets
602 2625 643 2674 sq.
662 2609 704 2660 ee.
722 2613 768 2664 eu.
805 2609 849 2660 οι.
869 2605 946 2669 εἰκὸς
963 2601 1017 2674 γὰρ
1035 2598 1073 2675 ἦν
1090 2611 1177 2660 'rhun
1197 2611 1248 2674 vr,
1268 2613 1313 2669 es,
1332 2607 1370 2676 α]
1407 2610 1464 2660 uec

318 2695 398 2747 video
422 2696 451 2745 iu
474 2695 528 2746 hee
550 2696 674 2758 ratione,
703 2710 752 2746 eur
773 2709 828 2745 non
846 2695 937 2760 potius
960 2699 1054 2746 erutor
1075 2696 1192 2746 dixisset
1211 2690 1397 2763 γραμματέως
1415 2693 1465 2748 καί

316 2771 474 2846 ὑπηρέτου,
500 2795 665 2846 quemquern
683 2779 728 2830 vel
747 2780 788 2829 sie
807 2781 950 2844 abruptius
968 2796 1021 2832 nee
1039 2796 1087 2846 pre
1105 2780 1188 2832 solite
1206 2782 1406 2848 perspicuitate
1425 2780 1464 2832 lo·

319 2870 399 2915 errius
417 2862 512 2917 esset!
542 2866 589 2918 Fr.
607 2865 640 2918 A.
657 2863 814 2916 wolfius,
854 2854 891 2923 ὅς
910 2879 982 2929 φασι
1005 2866 1023 2918 ἰ.
1045 2881 1069 2930 q.
1089 2873 1119 2916 ut
1141 2867 1259 2917 traditur
1277 2866 1311 2917 de
1330 2871 1463 2928 certare,

318 2965 370 3000 non
388 2950 423 3002 de
441 2965 514 3015 rego
531 2965 647 3001 rumore.
683 2950 852 3000 Scheelerus
870 2950 941 3000 bene
960 2951 1078 3000 contulit
1100 2967 1126 3016 p.
1145 2954 1209 3010 561,
1228 2953 1275 3002 28:
1304 2949 1353 3003 καί
1372 2945 1465 3016 λέγειν

318 3029 413 3087 ἐδόκει
431 3027 562 3097 πάντων,
581 3024 619 3094 ὥς
637 3049 740 3099 φασιν,
762 3028 838 3086 εἶναι
858 3029 1037 3098 δεινότατος,
1057 3035 1090 3086 de
1104 3035 1257 3086 Alcibiade.
1293 3035 1363 3087 Vide
1376 3037 1464 3101 ipsum

316 3119 393 3170 illum
424 3119 550 3170 Wolfinm
582 3121 611 3168 in
643 3119 771 3186 Prelegg.
798 3121 910 3174 Homer.
938 3137 964 3186 p.
986 3121 1124 3176 LXXVII.
1173 3119 1292 3172 Bentlei.
1322 3119 1462 3173 Phalerid.

317 3221 343 3269 p.
356 3209 390 3256 66
414 3207 537 3270 Lenncp.
556 3203 721 3254 i'nulsheen.
741 3203 776 3254 ed
793 3205 907 3256 Androt.
925 3207 949 3266 ξ,
964 3207 1006 3258 62.
1044 3205 1241 3272 comparemus
1264 3199 1375 3270 λέγεται
1398 3205 1464 3258 blid.

317 3292 340 3350 ξ.
355 3292 413 3344 lli.
445 3284 573 3356 λέγονται
593 3305 676 3354 supre
694 3293 719 3350 ξ.
738 3292 767 3338 ll
787 3288 854 3353 ibiq.
874 3291 1020 3340 Westerm.
1039 3290 1108 3342 Auo.
1129 3290 1237 3342 Phorm.
1254 3292 1277 3352 ὅ.
1291 3293 1331 3341 nt.
1366 3292 1463 3342 Boeot.

317 3375 380 3435 115.
393 3377 436 3427 25.
464 3373 862 3440 Vid.Prelegg.Crit.p.231.
899 3374 992 3424 Verbo
1005 3375 1055 3425 ille
1068 3377 1150 3425 etiem
1164 3375 1321 3439 Polyaenus
1336 3373 1464 3438 (v,2‚·2)

318 3459 468 3524 agitavisse
498 3457 620 3509 videtur:
651 3450 802 3517 Διονύσιος
826 3453 1051 3524 Ἑρμοκράτους,
1082 3458 1291 3524 Συρακουσίοις
1316 3452 1465 3525 ὑπηρετῶν

318 3540 367 3594 καλ
384 3535 593 3609 γραμματείων
616 3547 676 3601 τοῖς
694 3547 870 3608 στρατηγοῖς.
907 3543 951 3595 Of.
971 3543 1035 3597 Cor.
1053 3549 1076 3606 §-
1095 3548 1159 3596 ⁴261:
1186 3537 1398 3610 γραμματεύειν
1416 3543 1464 3597 καὶ
1525 3560 1531 3571 “

317 3619 474 3694 ὑπηρετεῖν
491 3631 551 3686 τοῖς
574 3621 725 3694 deletione.
814 3628 857 3693 1‘1)
877 3624 1245 3710 rupoevvpdrp'esaiiett'vulg.
1264 3657 1296 3666 -
1326 3621 1460 3696 τυραννή-

318 3764 423 3820 σεσθαι
446 3763 479 3817 Σ.
502 3763 542 3818 Ω.
564 3764 596 3816 T.
619 3782 642 3813 r.
666 3764 765 3816 Vindl.
790 3763 826 3818 ll.
850 3765 917 3816 Mel.
941 3793 973 3802 -
1002 3715 1233 3832 supuvnrieibiiut
1257 3767 1359 3818 LnurS.
1401 3767 1464 3819 Vid.

319 3849 452 3915 Prelegge
467 3848 587 3900 Gremm.
606 3849 631 3910 5.
653 3851 710 3902 107.
1492 3849 1497 3860 ’

385 3979 453 4042 162.
496 3984 520 4048 l)
545 3929 701 4052 ooooysttot
723 3985 758 4038 Σ.
790 4013 821 4022 -
857 3978 999 4054 οτοργῦλω
1027 3986 1133 4042 LeurS,
1222 3988 1249 4053 2)
1281 3979 1330 4052 ἐφ’
1361 3978 1465 4038 ἑαυτὸν

319 4067 351 4116 X.
370 4067 396 4134 β.
414 4098 448 4106 -
467 4059 516 4134 ἔφ’
536 4061 627 4122 αὐτον
643 4068 683 4123 Ω.
706 4071 737 4123 Τ,
756 4072 787 4122 F.
807 4079 827 4120 t.
845 4091 867 4122 ο.
887 4071 984 4123 Vindl.
1004 4071 1073 4138 prll.
1088 4099 1118 4108 -
1139 4063 1184 4122 ἔπ’
1204 4062 1293 4122 αὐτὸν
1310 4072 1383 4138 vulg.
1404 4089 1465 4123 corr

322 4149 356 4202 ll.
374 4156 416 4205 sic
440 4155 557 4206 fortasse
581 4156 666 4206 etism
689 4171 721 4222 pr
734 4155 773 4221 Σ,
800 4171 904 4222 nemrp
928 4174 945 4207 e
967 4158 1121 4208 recentiore
1146 4161 1300 4208 correctum
1325 4162 1368 4208 est
1390 4175 1422 4208 ex
1446 4170 1464 4208 υ

321 4293 368 4337 sert
388 4306 418 4344 π.
453 4307 525 4342 nune
548 4297 592 4342 est
614 4283 651 4356 ἐφ
675 4285 773 4344 αυτὸν.
796 4321 831 4329 -
860 4241 1022 4346 ἔλλήίιλλτόν
1043 4293 1145 4343 LourS.
1224 4293 1250 4356 3)
1269 4284 1401 4343 leuntiis
1423 4290 1462 4346 Ω.

319 4371 346 4434 4)
364 4372 414 4426 καλ
431 4383 450 4424 t.
524 4377 551 4438 5)
569 4368 679 4427 ἅπασιν
700 4378 787 4442 Augl.
810 4379 835 4431 λ.
853 4395 874 4433 s.
893 4379 992 4431 Vindl.
1013 4379 1098 4431 lihod.
1123 4379 1185 4432 1.it›,
1208 4380 1232 4438 ἕ.
1251 4381 1281 4427 21
1312 4383 1379 4430 extr.
1403 4379 1463 4428 Sto·

321 4455 406 4510 bueus
423 4461 495 4513 l'ler.
513 4461 568 4514 'lit
587 4465 619 4511 21
644 4465 668 4522 ξ.
689 4465 728 4514 19.
764 4465 924 4529 Apostolius
941 4467 1023 4516 Prov.
1047 4465 1125 4516 Ceut.
1143 4465 1170 4514 11
1189 4467 1212 4526 §-
1232 4461 1284 4513 tob
1309 4463 1366 4527 (qui
1384 4463 1463 4513 tumbe

322 4543 405 4676 οἶκοι
431 4534 540 4611 ἄδηλον
566 4551 629 4612 post
654 4539 822 4612 deiecissem
848 4549 1017 4614 pesuerunt).
1063 4547 1105 4600 Ol.
1132 4549 1232 4600 Anton.
1256 4547 1359 4598 Meliss.
1387 4564 1412 4612 p.
1431 4549 1464 4596 64

322 4638 337 4673 e
381 4629 474 4680 Turio.
