<?xml version="1.0" encoding="UTF-8"?>
<!DOCTYPE html PUBLIC "-//W3C//DTD XHTML 1.0 Transitional//EN"
    "http://www.w3.org/TR/xhtml1/DTD/xhtml1-transitional.dtd">
<html xmlns="http://www.w3.org/1999/xhtml" xml:lang="en" lang="en">
 <head>
  <title>
</title>
<meta http-equiv="Content-Type" content="text/html;charset=utf-8" />
  <meta name='ocr-system' content='tesseract 3.04.00' />
  <meta name='ocr-capabilities' content='ocr_page ocr_carea ocr_par ocr_line ocrx_word'/>
</head>
<body>
  <div class='ocr_page' id='page_1' title='image "./demosthenisorat08demogoog_0161.png"; bbox 0 0 3950 5609; ppageno 0'>
   <div class='ocr_carea' id='block_1_1' title="bbox 543 551 1441 622">
    <p class='ocr_par' dir='ltr' id='par_1_1' title="bbox 543 551 1441 622">
     <span class='ocr_line' id='line_1_1' title="bbox 543 551 1441 622; baseline -0.001 -5"><span class='ocrx_word' id='word_1_1' title='bbox 543 575 765 618; x_wconf 80' lang='lat' dir='ltr'><strong>onuosrnems</strong></span> <span class='ocrx_word' id='word_1_2' title='bbox 788 577 839 619; x_wconf 79' lang='lat' dir='ltr'><strong>on.</strong></span> <span class='ocrx_word' id='word_1_3' title='bbox 854 577 1019 621; x_wconf 78' lang='lat' dir='ltr'><strong>nonnosus</strong></span> <span class='ocrx_word' id='word_1_4' title='bbox 1036 579 1204 622; x_wconf 79' lang='lat' dir='ltr'><strong>nnerrnnu.</strong></span> <span class='ocrx_word' id='word_1_5' title='bbox 1381 551 1441 617; x_wconf 83' lang='lat'><strong>145</strong></span> 
     </span>
    </p>
   </div>
   <div class='ocr_carea' id='block_1_2' title="bbox 288 711 1502 1528">
    <p class='ocr_par' dir='ltr' id='par_1_2' title="bbox 288 711 1502 1528">
     <span class='ocr_line' id='line_1_2' title="bbox 288 711 1441 810; baseline -0.001 -24"><span class='ocrx_word' id='word_1_6' title='bbox 288 711 344 800; x_wconf 80' lang='grc' dir='ltr'><strong>αἷς</strong></span> <span class='ocrx_word' id='word_1_7' title='bbox 358 720 422 788; x_wconf 70' lang='grc' dir='ltr'><strong>ἀν4</strong></span> <span class='ocrx_word' id='word_1_8' title='bbox 437 719 753 807; x_wconf 66' lang='grc' dir='ltr'><strong>ἀντενιιοιήσωμίν5</strong></span> <span class='ocrx_word' id='word_1_9' title='bbox 767 747 873 808; x_wconf 83' lang='grc' dir='ltr'><strong><em>τινας,</em></strong></span> <span class='ocrx_word' id='word_1_10' title='bbox 888 721 1051 802; x_wconf 75' lang='grc' dir='ltr'><em>ἀπίστους</em></span> <span class='ocrx_word' id='word_1_11' title='bbox 1065 723 1330 810; x_wconf 81' lang='grc' dir='ltr'><strong><em>καταστήσομεν.</em></strong></span> <span class='ocrx_word' id='word_1_12' title='bbox 1368 717 1441 786; x_wconf 76' lang='grc' dir='ltr'><strong>οὐδ’</strong></span> 
     </span>
     <span class='ocr_line' id='line_1_3' title="bbox 289 819 1441 911; baseline 0 -23"><span class='ocrx_word' id='word_1_13' title='bbox 289 824 309 898; x_wconf 80' lang='grc' dir='ltr'>ὁ</span> <span class='ocrx_word' id='word_1_14' title='bbox 335 829 493 900; x_wconf 79' lang='grc' dir='ltr'><strong><em>πλεῖστος</em></strong></span> <span class='ocrx_word' id='word_1_15' title='bbox 518 825 630 909; x_wconf 81' lang='grc' dir='ltr'><strong><em>ἔμοιγε</em></strong></span> <span class='ocrx_word' id='word_1_16' title='bbox 656 824 756 907; x_wconf 84' lang='grc' dir='ltr'><strong><em>λόγος</em></strong></span> <span class='ocrx_word' id='word_1_17' title='bbox 776 826 875 911; x_wconf 66' lang='grc' dir='ltr'><strong>τιερί1</strong></span> <span class='ocrx_word' id='word_1_18' title='bbox 894 831 954 911; x_wconf 77' lang='grc' dir='ltr'><strong>τῆς</strong></span> <span class='ocrx_word' id='word_1_19' title='bbox 968 823 1119 905; x_wconf 87' lang='grc' dir='ltr'><strong><em>ἀτελείας</em></strong></span> <span class='ocrx_word' id='word_1_20' title='bbox 1130 827 1235 910; x_wconf 80' lang='grc' dir='ltr'><strong><em>ἐστίν,</em></strong></span> <span class='ocrx_word' id='word_1_21' title='bbox 1262 821 1337 890; x_wconf 90' lang='grc' dir='ltr'><strong><em>ἀλλ’</em></strong></span> <span class='ocrx_word' id='word_1_22' title='bbox 1354 819 1441 905; x_wconf 80' lang='grc' dir='ltr'><strong><em>ὑπὲρ</em></strong></span> 
     </span>
     <span class='ocr_line' id='line_1_4' title="bbox 288 909 1443 1012; baseline -0.003 -20"><span class='ocrx_word' id='word_1_23' title='bbox 288 928 372 992; x_wconf 74' lang='grc' dir='ltr'><strong>τοῦ7</strong></span> <span class='ocrx_word' id='word_1_24' title='bbox 394 921 547 1010; x_wconf 80' lang='grc' dir='ltr'><strong><em>πονηρὸν</em></strong></span> <span class='ocrx_word' id='word_1_25' title='bbox 567 928 648 1004; x_wconf 77' lang='grc' dir='ltr'><em>ἔθος</em></span> <span class='ocrx_word' id='word_1_26' title='bbox 666 923 728 991; x_wconf 84' lang='grc' dir='ltr'><strong><em>τὸν</em></strong></span> <span class='ocrx_word' id='word_1_27' title='bbox 748 927 858 1012; x_wconf 86' lang='grc' dir='ltr'><strong><em>νόμον</em></strong></span> <span class='ocrx_word' id='word_1_28' title='bbox 879 928 1024 1012; x_wconf 85' lang='grc' dir='ltr'><strong><em>είςάγειν</em></strong></span> <span class='ocrx_word' id='word_1_29' title='bbox 1039 931 1095 994; x_wconf 78' lang='grc' dir='ltr'><strong><em>καὶ</em></strong></span> <span class='ocrx_word' id='word_1_30' title='bbox 1110 928 1305 1011; x_wconf 71' lang='grc' dir='ltr'><strong><em>τοιοῦτον,8</em></strong></span> <span class='ocrx_word' id='word_1_31' title='bbox 1328 923 1374 990; x_wconf 82' lang='lat' dir='ltr'><strong>ds’</strong></span> <span class='ocrx_word' id='word_1_32' title='bbox 1399 909 1443 992; x_wconf 83' lang='grc' dir='ltr'><strong>οὗ</strong></span> 
     </span>
     <span class='ocr_line' id='line_1_5' title="bbox 288 1024 1480 1114; baseline 0.005 -19"><span class='ocrx_word' id='word_1_33' title='bbox 288 1027 391 1095; x_wconf 78' lang='grc' dir='ltr'><strong><em>στάντ’</em></strong></span> <span class='ocrx_word' id='word_1_34' title='bbox 409 1025 566 1111; x_wconf 56' lang='lat' dir='ltr'><strong>&amp;nearest</strong></span> <span class='ocrx_word' id='word_1_35' title='bbox 582 1024 636 1093; x_wconf 70' lang='lat' dir='ltr'><strong>dd</strong></span> <span class='ocrx_word' id='word_1_36' title='bbox 656 1025 674 1093; x_wconf 90' lang='grc' dir='ltr'>ὁ</span> <span class='ocrx_word' id='word_1_37' title='bbox 690 1028 795 1113; x_wconf 76' lang='grc' dir='ltr'><strong><em>δῆμος</em></strong></span> <span class='ocrx_word' id='word_1_38' title='bbox 810 1030 965 1114; x_wconf 76' lang='grc' dir='ltr'><strong><em>δίδωσιν,</em></strong></span> <span class='ocrx_word' id='word_1_39' title='bbox 982 1033 1087 1098; x_wconf 79' lang='grc' dir='ltr'><strong><em>ἔσται.</em></strong></span> <span class='ocrx_word' id='word_1_40' title='bbox 1454 1061 1480 1101; x_wconf 78' lang='grc' dir='ltr'><strong>ιτ</strong></span> 
     </span>
     <span class='ocr_line' id='line_1_6' title="bbox 378 1127 1442 1217; baseline -0.003 -21"><span class='ocrx_word' id='word_1_41' title='bbox 378 1137 450 1196; x_wconf 75' lang='lat'><strong>125.</strong></span> <span class='ocrx_word' id='word_1_42' title='bbox 467 1127 542 1195; x_wconf 80' lang='lat' dir='ltr'><strong>‘&#39;Ou¹</strong></span> <span class='ocrx_word' id='word_1_43' title='bbox 558 1131 679 1194; x_wconf 86' lang='grc' dir='ltr'><em>τοίνυν</em></span> <span class='ocrx_word' id='word_1_44' title='bbox 693 1130 982 1217; x_wconf 56' lang='grc' dir='ltr'><strong><em>νακουργότατονῖ</em></strong></span> <span class='ocrx_word' id='word_1_45' title='bbox 997 1139 1127 1200; x_wconf 82' lang='grc' dir='ltr'><strong><em>οίονται</em></strong></span> <span class='ocrx_word' id='word_1_46' title='bbox 1142 1131 1247 1217; x_wconf 90' lang='grc' dir='ltr'><strong><em>λόγον</em></strong></span> <span class='ocrx_word' id='word_1_47' title='bbox 1263 1129 1442 1216; x_wconf 80' lang='grc' dir='ltr'><strong><em>εὑρηκέναι</em></strong></span> 
     </span>
     <span class='ocr_line' id='line_1_7' title="bbox 289 1229 1441 1320; baseline -0.003 -20"><span class='ocrx_word' id='word_1_48' title='bbox 289 1230 377 1319; x_wconf 82' lang='grc' dir='ltr'><strong>πρὸς</strong></span> <span class='ocrx_word' id='word_1_49' title='bbox 384 1231 422 1300; x_wconf 81' lang='lat' dir='ltr'><strong>sd</strong></span> <span class='ocrx_word' id='word_1_50' title='bbox 434 1231 493 1310; x_wconf 89' lang='grc' dir='ltr'><strong>τάς</strong></span> <span class='ocrx_word' id='word_1_51' title='bbox 504 1229 654 1310; x_wconf 76' lang='grc' dir='ltr'><strong>ἀτελείας</strong></span> <span class='ocrx_word' id='word_1_52' title='bbox 666 1229 754 1316; x_wconf 79' lang='grc' dir='ltr'><strong>ὑμᾶς</strong></span> <span class='ocrx_word' id='word_1_53' title='bbox 765 1229 953 1318; x_wconf 80' lang='grc' dir='ltr'><strong><em>ἀφελέσθαι</em></strong></span> <span class='ocrx_word' id='word_1_54' title='bbox 965 1246 1090 1320; x_wconf 80' lang='grc' dir='ltr'><strong><em>πεῖσαι,</em></strong></span> <span class='ocrx_word' id='word_1_55' title='bbox 1102 1235 1237 1320; x_wconf 84' lang='grc' dir='ltr'><strong><em>βέλτιόν</em></strong></span> <span class='ocrx_word' id='word_1_56' title='bbox 1249 1234 1320 1300; x_wconf 80' lang='grc' dir='ltr'><strong><em>ἐστι</em></strong></span> <span class='ocrx_word' id='word_1_57' title='bbox 1332 1254 1441 1318; x_wconf 78' lang='grc' dir='ltr'><strong><em>προει.</em></strong></span> 
     </span>
     <span class='ocr_line' id='line_1_8' title="bbox 289 1333 1443 1423; baseline 0.001 -22"><span class='ocrx_word' id='word_1_58' title='bbox 289 1335 448 1420; x_wconf 56' lang='lat' dir='ltr'><strong>mimine</strong></span> <span class='ocrx_word' id='word_1_59' title='bbox 459 1333 504 1420; x_wconf 85' lang='grc' dir='ltr'><strong>μι)</strong></span> <span class='ocrx_word' id='word_1_60' title='bbox 516 1333 632 1419; x_wconf 78' lang='grc' dir='ltr'><strong><em>λάθητ’</em></strong></span> <span class='ocrx_word' id='word_1_61' title='bbox 643 1334 917 1420; x_wconf 78' lang='grc' dir='ltr'><strong><em>ἐξαπατηθέντες.</em></strong></span> <span class='ocrx_word' id='word_1_62' title='bbox 934 1336 1054 1422; x_wconf 77' lang='grc' dir='ltr'><strong><em>ἐροῦσι</em></strong></span> <span class='ocrx_word' id='word_1_63' title='bbox 1065 1338 1158 1423; x_wconf 80' lang='grc' dir='ltr'><strong>γάρ,3</strong></span> <span class='ocrx_word' id='word_1_64' title='bbox 1167 1336 1218 1403; x_wconf 83' lang='grc' dir='ltr'><strong>ὅτι</strong></span> <span class='ocrx_word' id='word_1_65' title='bbox 1230 1333 1329 1402; x_wconf 77' lang='grc' dir='ltr'><strong><em>ταῦθ’</em></strong></span> <span class='ocrx_word' id='word_1_66' title='bbox 1340 1336 1443 1420; x_wconf 78' lang='grc' dir='ltr'><strong><em>ίεράν</em></strong></span> 
     </span>
     <span class='ocr_line' id='line_1_9' title="bbox 291 1435 1502 1528; baseline -0.002 -24"><span class='ocrx_word' id='word_1_67' title='bbox 291 1437 389 1505; x_wconf 78' lang='grc' dir='ltr'><strong><em>ἐστίν</em></strong></span> <span class='ocrx_word' id='word_1_68' title='bbox 403 1436 537 1504; x_wconf 82' lang='grc' dir='ltr'><strong><em>ἅπαντα</em></strong></span> <span class='ocrx_word' id='word_1_69' title='bbox 551 1435 802 1522; x_wconf 60' lang='grc' dir='ltr'><strong><em>τάναλώματα*</em></strong></span> <span class='ocrx_word' id='word_1_70' title='bbox 817 1439 855 1503; x_wconf 79' lang='grc' dir='ltr'><strong><em>αἱ</em></strong></span> <span class='ocrx_word' id='word_1_71' title='bbox 866 1442 1021 1523; x_wconf 79' lang='grc' dir='ltr'><strong>χορηγίαι</strong></span> <span class='ocrx_word' id='word_1_72' title='bbox 1033 1440 1140 1505; x_wconf 79' lang='grc' dir='ltr'><strong><em>καλαί</em></strong></span> <span class='ocrx_word' id='word_1_73' title='bbox 1151 1438 1502 1528; x_wconf 60' lang='grc' dir='ltr'><strong><em>γυμνασιαρχίαιῧιθο</em></strong></span> 
     </span>
    </p>
   </div>
   <div class='ocr_carea' id='block_1_3' title="bbox 290 1631 1554 2308">
    <p class='ocr_par' dir='ltr' id='par_1_3' title="bbox 290 1631 1554 1966">
     <span class='ocr_line' id='line_1_10' title="bbox 291 1631 1554 1712; baseline -0.002 -20"><span class='ocrx_word' id='word_1_74' title='bbox 291 1635 458 1698; x_wconf 81' lang='lat' dir='ltr'><strong>efficiemus,</strong></span> <span class='ocrx_word' id='word_1_75' title='bbox 481 1650 562 1709; x_wconf 76' lang='grc' dir='ltr'><strong><em>(μανι</em></strong></span> <span class='ocrx_word' id='word_1_76' title='bbox 583 1634 608 1690; x_wconf 86' lang='lat' dir='ltr'><strong>si</strong></span> <span class='ocrx_word' id='word_1_77' title='bbox 628 1633 762 1697; x_wconf 85' lang='lat' dir='ltr'><strong>honores.</strong></span> <span class='ocrx_word' id='word_1_78' title='bbox 785 1634 996 1710; x_wconf 78' lang='lat' dir='ltr'><strong>quibuscunque</strong></span> <span class='ocrx_word' id='word_1_79' title='bbox 1018 1637 1126 1712; x_wconf 80' lang='lat' dir='ltr'><strong>aliquos</strong></span> <span class='ocrx_word' id='word_1_80' title='bbox 1140 1635 1211 1693; x_wconf 87' lang='lat' dir='ltr'><strong>bene</strong></span> <span class='ocrx_word' id='word_1_81' title='bbox 1226 1637 1338 1692; x_wconf 82' lang='lat' dir='ltr'><strong>meritos</strong></span> <span class='ocrx_word' id='word_1_82' title='bbox 1354 1649 1443 1690; x_wconf 86' lang='lat' dir='ltr'><strong>remu·</strong></span> <span class='ocrx_word' id='word_1_83' title='bbox 1545 1631 1554 1640; x_wconf 84' lang='grc'><em>“</em></span> 
     </span>
     <span class='ocr_line' id='line_1_11' title="bbox 290 1719 1443 1795; baseline -0.003 -17"><span class='ocrx_word' id='word_1_84' title='bbox 290 1723 381 1778; x_wconf 75' lang='lat' dir='ltr'><strong>uernti</strong></span> <span class='ocrx_word' id='word_1_85' title='bbox 404 1737 513 1782; x_wconf 85' lang='lat' dir='ltr'><strong>sumus.</strong></span> <span class='ocrx_word' id='word_1_86' title='bbox 536 1720 659 1776; x_wconf 86' lang='lat' dir='ltr'><strong>incertos</strong></span> <span class='ocrx_word' id='word_1_87' title='bbox 682 1719 840 1776; x_wconf 83' lang='lat' dir='ltr'><strong>efficiemus.</strong></span> <span class='ocrx_word' id='word_1_88' title='bbox 883 1721 939 1777; x_wconf 86' lang='lat' dir='ltr'><strong>Nec</strong></span> <span class='ocrx_word' id='word_1_89' title='bbox 959 1721 994 1778; x_wconf 92' lang='lat' dir='ltr'><strong>de</strong></span> <span class='ocrx_word' id='word_1_90' title='bbox 1015 1724 1185 1778; x_wconf 78' lang='lat' dir='ltr'><strong>immunitate</strong></span> <span class='ocrx_word' id='word_1_91' title='bbox 1201 1721 1374 1795; x_wconf 85' lang='lat' dir='ltr'><strong>potissimum</strong></span> <span class='ocrx_word' id='word_1_92' title='bbox 1390 1735 1443 1793; x_wconf 78' lang='lat' dir='ltr'><strong>ego</strong></span> 
     </span>
     <span class='ocr_line' id='line_1_12' title="bbox 290 1804 1444 1880; baseline -0.004 -17"><span class='ocrx_word' id='word_1_93' title='bbox 290 1805 405 1869; x_wconf 76' lang='lat' dir='ltr'><strong>laboro,</strong></span> <span class='ocrx_word' id='word_1_94' title='bbox 429 1805 477 1862; x_wconf 90' lang='lat' dir='ltr'><strong>sed</strong></span> <span class='ocrx_word' id='word_1_95' title='bbox 498 1804 532 1861; x_wconf 90' lang='lat' dir='ltr'><strong>de</strong></span> <span class='ocrx_word' id='word_1_96' title='bbox 554 1821 603 1867; x_wconf 87' lang='lat' dir='ltr'><strong>eo,</strong></span> <span class='ocrx_word' id='word_1_97' title='bbox 630 1804 704 1878; x_wconf 91' lang='lat' dir='ltr'><strong>quod</strong></span> <span class='ocrx_word' id='word_1_98' title='bbox 726 1807 779 1861; x_wconf 81' lang='lat' dir='ltr'><strong>isto</strong></span> <span class='ocrx_word' id='word_1_99' title='bbox 801 1804 844 1861; x_wconf 81' lang='lat' dir='ltr'><strong>iex</strong></span> <span class='ocrx_word' id='word_1_100' title='bbox 865 1823 975 1880; x_wconf 78' lang='lat' dir='ltr'><strong>pravom</strong></span> <span class='ocrx_word' id='word_1_101' title='bbox 998 1805 1222 1864; x_wconf 85' lang='lat' dir='ltr'><strong>consuetudinem</strong></span> <span class='ocrx_word' id='word_1_102' title='bbox 1245 1806 1394 1864; x_wconf 82' lang='lat' dir='ltr'><strong>introducit</strong></span> <span class='ocrx_word' id='word_1_103' title='bbox 1417 1811 1444 1858; x_wconf 91' lang='lat' dir='ltr'><strong>et</strong></span> 
     </span>
     <span class='ocr_line' id='line_1_13' title="bbox 292 1890 1380 1966; baseline -0.003 -18"><span class='ocrx_word' id='word_1_104' title='bbox 292 1892 391 1954; x_wconf 75' lang='lat' dir='ltr'><strong>[niem.</strong></span> <span class='ocrx_word' id='word_1_105' title='bbox 413 1899 445 1946; x_wconf 85' lang='lat' dir='ltr'><strong>ot</strong></span> <span class='ocrx_word' id='word_1_106' title='bbox 458 1907 509 1965; x_wconf 91' lang='lat' dir='ltr'><strong>per</strong></span> <span class='ocrx_word' id='word_1_107' title='bbox 524 1907 583 1947; x_wconf 79' lang='lat' dir='ltr'><strong>eam</strong></span> <span class='ocrx_word' id='word_1_108' title='bbox 599 1891 702 1954; x_wconf 84' lang='lat' dir='ltr'><strong>omnio,</strong></span> <span class='ocrx_word' id='word_1_109' title='bbox 725 1907 794 1964; x_wconf 78' lang='lat' dir='ltr'><strong>quae</strong></span> <span class='ocrx_word' id='word_1_110' title='bbox 809 1890 931 1966; x_wconf 89' lang='lat' dir='ltr'><strong>populus</strong></span> <span class='ocrx_word' id='word_1_111' title='bbox 946 1891 1065 1955; x_wconf 86' lang='lat' dir='ltr'><strong>dederit.</strong></span> <span class='ocrx_word' id='word_1_112' title='bbox 1089 1894 1192 1949; x_wconf 79' lang='lat' dir='ltr'><strong>ineerta</strong></span> <span class='ocrx_word' id='word_1_113' title='bbox 1208 1891 1299 1948; x_wconf 83' lang='lat' dir='ltr'><strong>iutura</strong></span> <span class='ocrx_word' id='word_1_114' title='bbox 1315 1893 1380 1946; x_wconf 88' lang='lat' dir='ltr'><strong>sint.</strong></span> 
     </span>
    </p>

    <p class='ocr_par' dir='ltr' id='par_1_4' title="bbox 292 1975 1443 2308">
     <span class='ocr_line' id='line_1_14' title="bbox 381 1975 1443 2051; baseline 0.003 -19"><span class='ocrx_word' id='word_1_115' title='bbox 381 1975 451 2032; x_wconf 84' lang='lat'><strong>125.</strong></span> <span class='ocrx_word' id='word_1_116' title='bbox 473 1976 512 2032; x_wconf 85' lang='lat' dir='ltr'><strong>Ne</strong></span> <span class='ocrx_word' id='word_1_117' title='bbox 533 1992 598 2032; x_wconf 84' lang='lat' dir='ltr'><strong>vero</strong></span> <span class='ocrx_word' id='word_1_118' title='bbox 621 1990 671 2049; x_wconf 89' lang='lat' dir='ltr'><strong>per</strong></span> <span class='ocrx_word' id='word_1_119' title='bbox 685 1976 818 2033; x_wconf 76' lang='lat' dir='ltr'><strong>incuriam</strong></span> <span class='ocrx_word' id='word_1_120' title='bbox 832 1977 1020 2050; x_wconf 81' lang='lat' dir='ltr'><strong>decipiemini,</strong></span> <span class='ocrx_word' id='word_1_121' title='bbox 1043 1984 1165 2051; x_wconf 79' lang='lat' dir='ltr'><strong>praestat</strong></span> <span class='ocrx_word' id='word_1_122' title='bbox 1179 1977 1207 2033; x_wconf 94' lang='lat' dir='ltr'><strong>id</strong></span> <span class='ocrx_word' id='word_1_123' title='bbox 1221 1975 1299 2032; x_wconf 90' lang='lat' dir='ltr'><strong>vobis</strong></span> <span class='ocrx_word' id='word_1_124' title='bbox 1313 1975 1443 2035; x_wconf 80' lang='lat' dir='ltr'><strong>indicere.</strong></span> 
     </span>
     <span class='ocr_line' id='line_1_15' title="bbox 292 2060 1443 2138; baseline -0.005 -18"><span class='ocrx_word' id='word_1_125' title='bbox 292 2080 348 2138; x_wconf 91' lang='lat' dir='ltr'><strong>quo</strong></span> <span class='ocrx_word' id='word_1_126' title='bbox 366 2070 496 2136; x_wconf 80' lang='lat' dir='ltr'><strong>tunquam</strong></span> <span class='ocrx_word' id='word_1_127' title='bbox 512 2061 689 2118; x_wconf 82' lang='lat' dir='ltr'><strong>callidissimo</strong></span> <span class='ocrx_word' id='word_1_128' title='bbox 705 2061 815 2118; x_wconf 85' lang='lat' dir='ltr'><strong>invento</strong></span> <span class='ocrx_word' id='word_1_129' title='bbox 831 2063 964 2125; x_wconf 86' lang='lat' dir='ltr'><strong>nituntur.</strong></span> <span class='ocrx_word' id='word_1_130' title='bbox 980 2070 1012 2118; x_wconf 91' lang='lat' dir='ltr'><strong>ut</strong></span> <span class='ocrx_word' id='word_1_131' title='bbox 1027 2061 1103 2119; x_wconf 91' lang='lat' dir='ltr'><strong>vobis</strong></span> <span class='ocrx_word' id='word_1_132' title='bbox 1118 2061 1302 2136; x_wconf 78' lang='lat' dir='ltr'><strong>persuadeant</strong></span> <span class='ocrx_word' id='word_1_133' title='bbox 1316 2060 1443 2116; x_wconf 90' lang='lat' dir='ltr'><strong>immuni·</strong></span> 
     </span>
     <span class='ocr_line' id='line_1_16' title="bbox 294 2145 1443 2222; baseline -0.004 -17"><span class='ocrx_word' id='word_1_134' title='bbox 294 2157 364 2205; x_wconf 80' lang='lat' dir='ltr'><strong>tates</strong></span> <span class='ocrx_word' id='word_1_135' title='bbox 381 2164 444 2204; x_wconf 89' lang='lat' dir='ltr'><strong>esse</strong></span> <span class='ocrx_word' id='word_1_136' title='bbox 459 2146 603 2204; x_wconf 83' lang='lat' dir='ltr'><strong>tollendos.</strong></span> <span class='ocrx_word' id='word_1_137' title='bbox 646 2145 747 2203; x_wconf 84' lang='lat' dir='ltr'><strong>iiicturi</strong></span> <span class='ocrx_word' id='word_1_138' title='bbox 763 2148 836 2203; x_wconf 89' lang='lat' dir='ltr'><strong>enim</strong></span> <span class='ocrx_word' id='word_1_139' title='bbox 851 2157 930 2210; x_wconf 85' lang='lat' dir='ltr'><strong>sont,</strong></span> <span class='ocrx_word' id='word_1_140' title='bbox 952 2155 1080 2222; x_wconf 87' lang='lat' dir='ltr'><strong>sumptus</strong></span> <span class='ocrx_word' id='word_1_141' title='bbox 1100 2147 1151 2204; x_wconf 90' lang='lat' dir='ltr'><strong>hos</strong></span> <span class='ocrx_word' id='word_1_142' title='bbox 1168 2163 1276 2210; x_wconf 90' lang='lat' dir='ltr'><strong>omnes,</strong></span> <span class='ocrx_word' id='word_1_143' title='bbox 1299 2146 1443 2220; x_wconf 81' lang='lat' dir='ltr'><strong>chorngies</strong></span> 
     </span>
     <span class='ocr_line' id='line_1_17' title="bbox 292 2225 1443 2308; baseline 0.001 -19"><span class='ocrx_word' id='word_1_144' title='bbox 292 2242 321 2289; x_wconf 86' lang='lat' dir='ltr'><strong>et</strong></span> <span class='ocrx_word' id='word_1_145' title='bbox 341 2225 590 2308; x_wconf 74' lang='lat' dir='ltr'><strong>gymnasiarchies,</strong></span> <span class='ocrx_word' id='word_1_146' title='bbox 613 2231 646 2287; x_wconf 79' lang='lat' dir='ltr'><strong>ed</strong></span> <span class='ocrx_word' id='word_1_147' title='bbox 669 2248 746 2288; x_wconf 83' lang='lat' dir='ltr'><strong>sacre</strong></span> <span class='ocrx_word' id='word_1_148' title='bbox 769 2234 922 2306; x_wconf 88' lang='lat' dir='ltr'><strong>pertinere,</strong></span> <span class='ocrx_word' id='word_1_149' title='bbox 945 2233 1062 2307; x_wconf 81' lang='lat' dir='ltr'><strong>proinde</strong></span> <span class='ocrx_word' id='word_1_150' title='bbox 1083 2233 1193 2288; x_wconf 92' lang='lat' dir='ltr'><strong>minime</strong></span> <span class='ocrx_word' id='word_1_151' title='bbox 1215 2231 1357 2288; x_wconf 76' lang='lat' dir='ltr'><strong>ferendum</strong></span> <span class='ocrx_word' id='word_1_152' title='bbox 1373 2246 1443 2290; x_wconf 90' lang='lat' dir='ltr'><strong>esse.</strong></span> 
     </span>
    </p>
   </div>
   <div class='ocr_carea' id='block_1_4' title="bbox 292 2415 1476 3264">
    <p class='ocr_par' dir='ltr' id='par_1_5' title="bbox 292 2415 1476 3264">
     <span class='ocr_line' id='line_1_18' title="bbox 360 2415 1444 2501; baseline -0.002 -16"><span class='ocrx_word' id='word_1_153' title='bbox 360 2434 391 2501; x_wconf 85' lang='grc'><strong>4)</strong></span> <span class='ocrx_word' id='word_1_154' title='bbox 403 2422 442 2486; x_wconf 80' lang='grc' dir='ltr'><strong><em>ἀν</em></strong></span> <span class='ocrx_word' id='word_1_155' title='bbox 453 2434 531 2484; x_wconf 78' lang='lat' dir='ltr'><strong>omi?</strong></span> <span class='ocrx_word' id='word_1_156' title='bbox 550 2430 560 2497; x_wconf 90' lang='lat'>(</span> <span class='ocrx_word' id='word_1_157' title='bbox 567 2447 622 2484; x_wconf 88' lang='lat' dir='ltr'><strong>non</strong></span> <span class='ocrx_word' id='word_1_158' title='bbox 634 2431 737 2498; x_wconf 77' lang='lat' dir='ltr'><strong>Bari).</strong></span> <span class='ocrx_word' id='word_1_159' title='bbox 748 2431 773 2482; x_wconf 84' lang='lat' dir='ltr'><strong>ir.</strong></span> <span class='ocrx_word' id='word_1_160' title='bbox 832 2431 859 2498; x_wconf 81' lang='lat' dir='ltr'><strong>d)</strong></span> <span class='ocrx_word' id='word_1_161' title='bbox 869 2415 1118 2501; x_wconf 67' lang='lat' dir='ltr'><strong>oioreonosriooprv</strong></span> <span class='ocrx_word' id='word_1_162' title='bbox 1128 2434 1161 2484; x_wconf 83' lang='lat' dir='ltr'><strong>F.</strong></span> <span class='ocrx_word' id='word_1_163' title='bbox 1175 2433 1262 2500; x_wconf 80' lang='lat' dir='ltr'><strong>Augi.</strong></span> <span class='ocrx_word' id='word_1_164' title='bbox 1274 2432 1299 2482; x_wconf 77' lang='lat' dir='ltr'><strong>k.</strong></span> <span class='ocrx_word' id='word_1_165' title='bbox 1310 2448 1332 2482; x_wconf 86' lang='lat' dir='ltr'><strong>s.</strong></span> <span class='ocrx_word' id='word_1_166' title='bbox 1344 2429 1444 2483; x_wconf 82' lang='lat' dir='ltr'><strong>Vindi.</strong></span> 
     </span>
     <span class='ocr_line' id='line_1_19' title="bbox 292 2516 1443 2585; baseline -0.005 -13"><span class='ocrx_word' id='word_1_167' title='bbox 292 2519 427 2572; x_wconf 83' lang='lat' dir='ltr'><strong>‘Scilicet</strong></span> <span class='ocrx_word' id='word_1_168' title='bbox 444 2516 582 2585; x_wconf 67' lang='lat' dir='ltr'><strong>perticuli</strong></span> <span class='ocrx_word' id='word_1_169' title='bbox 598 2533 649 2583; x_wconf 89' lang='lat' dir='ltr'><strong>per</strong></span> <span class='ocrx_word' id='word_1_170' title='bbox 665 2522 815 2584; x_wconf 86' lang='lat' dir='ltr'><strong>sequentes</strong></span> <span class='ocrx_word' id='word_1_171' title='bbox 834 2517 932 2568; x_wconf 74' lang='lat' dir='ltr'><strong>literas</strong></span> <span class='ocrx_word' id='word_1_172' title='bbox 951 2518 1021 2569; x_wconf 80' lang='lat' dir='ltr'><strong>elisii</strong></span> <span class='ocrx_word' id='word_1_173' title='bbox 1043 2519 1156 2570; x_wconf 85' lang='lat' dir='ltr'><strong>inerunt</strong></span> <span class='ocrx_word' id='word_1_174' title='bbox 1174 2519 1221 2584; x_wconf 88' lang='lat' dir='ltr'><strong>qui</strong></span> <span class='ocrx_word' id='word_1_175' title='bbox 1239 2518 1443 2569; x_wconf 86' lang='lat' dir='ltr'><strong>coniunctivum</strong></span> 
     </span>
     <span class='ocr_line' id='line_1_20' title="bbox 293 2601 1476 2670; baseline -0.003 -14"><span class='ocrx_word' id='word_1_176' title='bbox 293 2608 503 2670; x_wconf 82' lang='lat' dir='ltr'><strong>corrumperent</strong></span> <span class='ocrx_word' id='word_1_177' title='bbox 519 2604 549 2652; x_wconf 90' lang='lat' dir='ltr'><strong>in</strong></span> <span class='ocrx_word' id='word_1_178' title='bbox 567 2601 769 2657; x_wconf 73' lang='lat' dir='ltr'><strong>indicativum.¹</strong></span> <span class='ocrx_word' id='word_1_179' title='bbox 800 2603 1017 2654; x_wconf 80' lang='lat' dir='ltr'><strong>Scheeierus.</strong></span> <span class='ocrx_word' id='word_1_180' title='bbox 1052 2603 1114 2657; x_wconf 90' lang='lat' dir='ltr'><strong>Vid.</strong></span> <span class='ocrx_word' id='word_1_181' title='bbox 1136 2603 1239 2657; x_wconf 78' lang='lat' dir='ltr'><strong>Frenis.</strong></span> <span class='ocrx_word' id='word_1_182' title='bbox 1259 2601 1373 2664; x_wconf 69' lang='lat' dir='ltr'><strong>Quaeso.</strong></span> <span class='ocrx_word' id='word_1_183' title='bbox 1391 2603 1443 2652; x_wconf 84' lang='lat' dir='ltr'><strong>Ae·</strong></span> <span class='ocrx_word' id='word_1_184' title='bbox 1466 2601 1476 2608; x_wconf 86' lang='grc'><em>”</em></span> 
     </span>
     <span class='ocr_line' id='line_1_21' title="bbox 293 2678 1443 2756; baseline -0.003 -15"><span class='ocrx_word' id='word_1_185' title='bbox 293 2691 384 2742; x_wconf 87' lang='lat' dir='ltr'><strong>sehin.</strong></span> <span class='ocrx_word' id='word_1_186' title='bbox 403 2707 430 2756; x_wconf 94' lang='lat' dir='ltr'><strong>p.</strong></span> <span class='ocrx_word' id='word_1_187' title='bbox 449 2691 466 2740; x_wconf 78' lang='lat'><strong>5</strong></span> <span class='ocrx_word' id='word_1_188' title='bbox 483 2703 542 2754; x_wconf 90' lang='lat' dir='ltr'><strong>sqq.</strong></span> <span class='ocrx_word' id='word_1_189' title='bbox 578 2687 670 2739; x_wconf 85' lang='lat' dir='ltr'><strong>Klotz.</strong></span> <span class='ocrx_word' id='word_1_190' title='bbox 689 2688 725 2738; x_wconf 89' lang='lat' dir='ltr'><strong>od</strong></span> <span class='ocrx_word' id='word_1_191' title='bbox 742 2689 845 2740; x_wconf 84' lang='lat' dir='ltr'><strong>Dever.</strong></span> <span class='ocrx_word' id='word_1_192' title='bbox 864 2689 896 2738; x_wconf 90' lang='grc' dir='ltr'><strong>Τ.</strong></span> <span class='ocrx_word' id='word_1_193' title='bbox 915 2689 944 2739; x_wconf 92' lang='lat' dir='ltr'><strong>II</strong></span> <span class='ocrx_word' id='word_1_194' title='bbox 960 2705 986 2754; x_wconf 92' lang='lat' dir='ltr'><strong>p.</strong></span> <span class='ocrx_word' id='word_1_195' title='bbox 1007 2690 1064 2739; x_wconf 77' lang='lat'><strong>134.</strong></span> <span class='ocrx_word' id='word_1_196' title='bbox 1101 2689 1145 2740; x_wconf 81' lang='lat' dir='ltr'><strong>cf.</strong></span> <span class='ocrx_word' id='word_1_197' title='bbox 1164 2689 1187 2751; x_wconf 66' lang='grc' dir='ltr'><strong>ξ.</strong></span> <span class='ocrx_word' id='word_1_198' title='bbox 1204 2689 1246 2741; x_wconf 87' lang='grc'><strong>35.</strong></span> <span class='ocrx_word' id='word_1_199' title='bbox 1264 2715 1296 2724; x_wconf 91' lang='grc'>-</span> <span class='ocrx_word' id='word_1_200' title='bbox 1316 2713 1349 2723; x_wconf 92' lang='lat'><strong>-·</strong></span> <span class='ocrx_word' id='word_1_201' title='bbox 1366 2678 1443 2738; x_wconf 85' lang='grc' dir='ltr'><strong><em>ἀντ’-</em></strong></span> 
     </span>
     <span class='ocr_line' id='line_1_22' title="bbox 294 2767 1443 2842; baseline -0.007 -14"><span class='ocrx_word' id='word_1_202' title='bbox 294 2767 495 2842; x_wconf 81' lang='grc' dir='ltr'><strong><em>εστιοιήσαμὲν</em></strong></span> <span class='ocrx_word' id='word_1_203' title='bbox 513 2773 548 2827; x_wconf 88' lang='grc' dir='ltr'><strong>Σ.</strong></span> <span class='ocrx_word' id='word_1_204' title='bbox 583 2773 627 2824; x_wconf 90' lang='lat' dir='ltr'><strong>Do</strong></span> <span class='ocrx_word' id='word_1_205' title='bbox 652 2774 791 2838; x_wconf 78' lang='lat' dir='ltr'><strong>scripturo</strong></span> <span class='ocrx_word' id='word_1_206' title='bbox 813 2774 962 2824; x_wconf 80' lang='lat' dir='ltr'><strong>coniuncte</strong></span> <span class='ocrx_word' id='word_1_207' title='bbox 983 2773 1039 2824; x_wconf 80' lang='lat' dir='ltr'><strong>vid.</strong></span> <span class='ocrx_word' id='word_1_208' title='bbox 1059 2773 1094 2824; x_wconf 82' lang='lat' dir='ltr'><strong>od</strong></span> <span class='ocrx_word' id='word_1_209' title='bbox 1112 2773 1136 2835; x_wconf 68' lang='lat'><strong>§-</strong></span> <span class='ocrx_word' id='word_1_210' title='bbox 1154 2776 1196 2826; x_wconf 84' lang='grc'><strong>64.</strong></span> <span class='ocrx_word' id='word_1_211' title='bbox 1271 2771 1298 2837; x_wconf 85' lang='grc'><strong>6)</strong></span> <span class='ocrx_word' id='word_1_212' title='bbox 1317 2769 1382 2837; x_wconf 77' lang='grc' dir='ltr'><strong><em>περὶ</em></strong></span> <span class='ocrx_word' id='word_1_213' title='bbox 1401 2786 1443 2822; x_wconf 89' lang='lat' dir='ltr'><strong>om</strong></span> 
     </span>
     <span class='ocr_line' id='line_1_23' title="bbox 292 2849 1442 2925; baseline -0.006 -13"><span class='ocrx_word' id='word_1_214' title='bbox 292 2860 394 2912; x_wconf 79' lang='lat' dir='ltr'><strong>vindi.</strong></span> <span class='ocrx_word' id='word_1_215' title='bbox 464 2858 490 2924; x_wconf 76' lang='lat' dir='ltr'><strong>t)</strong></span> <span class='ocrx_word' id='word_1_216' title='bbox 508 2855 561 2908; x_wconf 75' lang='grc' dir='ltr'><strong>τοῦ</strong></span> <span class='ocrx_word' id='word_1_217' title='bbox 576 2849 616 2925; x_wconf 79' lang='grc' dir='ltr'><strong>μὴ</strong></span> <span class='ocrx_word' id='word_1_218' title='bbox 639 2857 744 2909; x_wconf 74' lang='lat' dir='ltr'><strong>naurs,</strong></span> <span class='ocrx_word' id='word_1_219' title='bbox 761 2857 836 2925; x_wconf 79' lang='lat' dir='ltr'><strong>vulg.</strong></span> <span class='ocrx_word' id='word_1_220' title='bbox 860 2885 895 2896; x_wconf 93' lang='lat'><strong>—-</strong></span> <span class='ocrx_word' id='word_1_221' title='bbox 916 2859 1093 2925; x_wconf 80' lang='lat' dir='ltr'><strong>negationem</strong></span> <span class='ocrx_word' id='word_1_222' title='bbox 1116 2875 1159 2909; x_wconf 92' lang='lat' dir='ltr'><strong>om</strong></span> <span class='ocrx_word' id='word_1_223' title='bbox 1183 2858 1219 2911; x_wconf 88' lang='grc' dir='ltr'><strong>Σ.</strong></span> <span class='ocrx_word' id='word_1_224' title='bbox 1236 2855 1276 2910; x_wconf 88' lang='grc' dir='ltr'><strong>Ω.</strong></span> <span class='ocrx_word' id='word_1_225' title='bbox 1296 2856 1327 2908; x_wconf 72' lang='lat' dir='ltr'><strong>Y.</strong></span> <span class='ocrx_word' id='word_1_226' title='bbox 1345 2855 1442 2906; x_wconf 71' lang='lat' dir='ltr'><strong>vinds.</strong></span> 
     </span>
     <span class='ocr_line' id='line_1_24' title="bbox 294 2935 1444 3010; baseline -0.005 -13"><span class='ocrx_word' id='word_1_227' title='bbox 294 2945 331 2999; x_wconf 90' lang='grc' dir='ltr'><strong>Π.</strong></span> <span class='ocrx_word' id='word_1_228' title='bbox 348 2945 416 2997; x_wconf 79' lang='lat' dir='ltr'><strong>Mel.</strong></span> <span class='ocrx_word' id='word_1_229' title='bbox 455 2945 498 2994; x_wconf 90' lang='lat' dir='ltr'><strong>De</strong></span> <span class='ocrx_word' id='word_1_230' title='bbox 516 2943 628 2993; x_wconf 82' lang='lat' dir='ltr'><strong>veriuto</strong></span> <span class='ocrx_word' id='word_1_231' title='bbox 650 2943 858 3010; x_wconf 77' lang='lat' dir='ltr'><strong>praepositione</strong></span> <span class='ocrx_word' id='word_1_232' title='bbox 880 2943 949 3008; x_wconf 75' lang='grc' dir='ltr'><strong><em>περί</em></strong></span> <span class='ocrx_word' id='word_1_233' title='bbox 963 2949 993 2995; x_wconf 81' lang='lat' dir='ltr'><strong>et</strong></span> <span class='ocrx_word' id='word_1_234' title='bbox 1010 2935 1082 3008; x_wconf 77' lang='grc' dir='ltr'><strong><em>ὑπέρ</em></strong></span> <span class='ocrx_word' id='word_1_235' title='bbox 1100 2943 1155 2998; x_wconf 78' lang='lat' dir='ltr'><strong>vid.</strong></span> <span class='ocrx_word' id='word_1_236' title='bbox 1174 2942 1301 3008; x_wconf 80' lang='lat' dir='ltr'><strong>Prolegg.</strong></span> <span class='ocrx_word' id='word_1_237' title='bbox 1321 2941 1444 2993; x_wconf 81' lang='lat' dir='ltr'><strong>Grumm.</strong></span> 
     </span>
     <span class='ocr_line' id='line_1_25' title="bbox 293 3019 1442 3095; baseline -0.004 -13"><span class='ocrx_word' id='word_1_238' title='bbox 293 3033 319 3092; x_wconf 68' lang='grc' dir='ltr'><strong>ξ.</strong></span> <span class='ocrx_word' id='word_1_239' title='bbox 332 3033 390 3084; x_wconf 90' lang='grc'><strong>100,</strong></span> <span class='ocrx_word' id='word_1_240' title='bbox 428 3029 509 3094; x_wconf 87' lang='lat' dir='ltr'><strong>Quod</strong></span> <span class='ocrx_word' id='word_1_241' title='bbox 527 3028 572 3094; x_wconf 88' lang='lat' dir='ltr'><strong>qui</strong></span> <span class='ocrx_word' id='word_1_242' title='bbox 590 3029 766 3094; x_wconf 76' lang='lat' dir='ltr'><strong>ignorabant,</strong></span> <span class='ocrx_word' id='word_1_243' title='bbox 786 3027 939 3079; x_wconf 78' lang='lat' dir='ltr'><strong>addendum</strong></span> <span class='ocrx_word' id='word_1_244' title='bbox 957 3045 1018 3080; x_wconf 90' lang='lat' dir='ltr'><strong>esse</strong></span> <span class='ocrx_word' id='word_1_245' title='bbox 1036 3023 1077 3095; x_wconf 80' lang='grc' dir='ltr'><strong>μή</strong></span> <span class='ocrx_word' id='word_1_246' title='bbox 1094 3019 1270 3094; x_wconf 65' lang='lat' dir='ltr'><strong>putauerunt.</strong></span> <span class='ocrx_word' id='word_1_247' title='bbox 1339 3024 1366 3090; x_wconf 88' lang='grc'><strong>8)</strong></span> <span class='ocrx_word' id='word_1_248' title='bbox 1384 3041 1442 3078; x_wconf 85' lang='grc' dir='ltr'><strong><em>τοι·</em></strong></span> 
     </span>
     <span class='ocr_line' id='line_1_26' title="bbox 294 3103 1442 3180; baseline -0.006 -14"><span class='ocrx_word' id='word_1_249' title='bbox 294 3115 363 3166; x_wconf 75' lang='lat' dir='ltr'><strong>orico</strong></span> <span class='ocrx_word' id='word_1_250' title='bbox 381 3114 407 3165; x_wconf 85' lang='lat' dir='ltr'><strong>ir.</strong></span> <span class='ocrx_word' id='word_1_251' title='bbox 480 3114 508 3178; x_wconf 87' lang='grc'><strong>9)</strong></span> <span class='ocrx_word' id='word_1_252' title='bbox 526 3103 634 3164; x_wconf 80' lang='grc' dir='ltr'><strong><em>ἄπιστα</em></strong></span> <span class='ocrx_word' id='word_1_253' title='bbox 658 3117 720 3180; x_wconf 82' lang='lat' dir='ltr'><strong>post</strong></span> <span class='ocrx_word' id='word_1_254' title='bbox 743 3105 863 3165; x_wconf 62' lang='grc' dir='ltr'><strong><em>δίδωσιν</em></strong></span> <span class='ocrx_word' id='word_1_255' title='bbox 882 3112 992 3168; x_wconf 75' lang='lat' dir='ltr'><strong>Aldete.</strong></span> <span class='ocrx_word' id='word_1_256' title='bbox 1015 3115 1048 3168; x_wconf 84' lang='lat' dir='ltr'><strong>F.</strong></span> <span class='ocrx_word' id='word_1_257' title='bbox 1067 3121 1085 3166; x_wconf 84' lang='lat' dir='ltr'><strong>t.</strong></span> <span class='ocrx_word' id='word_1_258' title='bbox 1103 3131 1125 3164; x_wconf 90' lang='grc' dir='ltr'><strong>ο.</strong></span> <span class='ocrx_word' id='word_1_259' title='bbox 1149 3141 1181 3150; x_wconf 83' lang='grc'><strong>-</strong></span> <span class='ocrx_word' id='word_1_260' title='bbox 1210 3116 1274 3177; x_wconf 88' lang='lat' dir='ltr'><strong>post</strong></span> <span class='ocrx_word' id='word_1_261' title='bbox 1294 3105 1389 3162; x_wconf 79' lang='grc' dir='ltr'><strong><em>τάντα</em></strong></span> <span class='ocrx_word' id='word_1_262' title='bbox 1408 3109 1442 3161; x_wconf 93' lang='grc' dir='ltr'><strong>Σ.</strong></span> 
     </span>
     <span class='ocr_line' id='line_1_27' title="bbox 293 3186 872 3264; baseline -0.007 -14"><span class='ocrx_word' id='word_1_263' title='bbox 293 3198 401 3254; x_wconf 77' lang='lat' dir='ltr'><strong>Lourfl.</strong></span> <span class='ocrx_word' id='word_1_264' title='bbox 420 3197 495 3264; x_wconf 83' lang='lat' dir='ltr'><strong>vulg.</strong></span> <span class='ocrx_word' id='word_1_265' title='bbox 513 3223 548 3236; x_wconf 94' lang='lat'>-</span> <span class='ocrx_word' id='word_1_266' title='bbox 565 3213 609 3250; x_wconf 89' lang='lat' dir='ltr'><strong>om</strong></span> <span class='ocrx_word' id='word_1_267' title='bbox 626 3197 652 3247; x_wconf 84' lang='lat' dir='ltr'>X</span> <span class='ocrx_word' id='word_1_268' title='bbox 671 3189 778 3262; x_wconf 76' lang='grc' dir='ltr'><strong><em>(πάνθ’</em></strong></span> <span class='ocrx_word' id='word_1_269' title='bbox 797 3186 872 3257; x_wconf 80' lang='grc' dir='ltr'><strong><em>ὅσα).</em></strong></span> 
     </span>
    </p>
   </div>
   <div class='ocr_carea' id='block_1_5' title="bbox 294 3287 1446 3793">
    <p class='ocr_par' dir='ltr' id='par_1_6' title="bbox 294 3287 1446 3793">
     <span class='ocr_line' id='line_1_28' title="bbox 363 3287 1444 3368; baseline -0.006 -12"><span class='ocrx_word' id='word_1_270' title='bbox 363 3297 432 3358; x_wconf 79' lang='lat'><strong>125.</strong></span> <span class='ocrx_word' id='word_1_271' title='bbox 468 3297 493 3364; x_wconf 92' lang='lat'><strong>1)</strong></span> <span class='ocrx_word' id='word_1_272' title='bbox 513 3287 553 3352; x_wconf 77' lang='grc' dir='ltr'><strong><em>ὧν</em></strong></span> <span class='ocrx_word' id='word_1_273' title='bbox 570 3301 668 3353; x_wconf 71' lang='lat' dir='ltr'><strong>vindi.</strong></span> <span class='ocrx_word' id='word_1_274' title='bbox 742 3300 770 3368; x_wconf 81' lang='lat'><strong>2)</strong></span> <span class='ocrx_word' id='word_1_275' title='bbox 788 3292 1060 3368; x_wconf 79' lang='grc' dir='ltr'><strong><em>κακονργηκότατον</em></strong></span> <span class='ocrx_word' id='word_1_276' title='bbox 1082 3297 1135 3352; x_wconf 87' lang='lat' dir='ltr'><strong>eod</strong></span> <span class='ocrx_word' id='word_1_277' title='bbox 1152 3318 1180 3368; x_wconf 82' lang='grc' dir='ltr'><strong>η.</strong></span> <span class='ocrx_word' id='word_1_278' title='bbox 1204 3327 1236 3338; x_wconf 91' lang='lat'><em>-</em></span> <span class='ocrx_word' id='word_1_279' title='bbox 1258 3317 1301 3368; x_wconf 90' lang='grc' dir='ltr'><strong>γρ.</strong></span> <span class='ocrx_word' id='word_1_280' title='bbox 1320 3313 1444 3362; x_wconf 82' lang='grc' dir='ltr'><strong><em>πανουρ-</em></strong></span> 
     </span>
     <span class='ocr_line' id='line_1_29' title="bbox 294 3370 1446 3456; baseline -0.006 -16"><span class='ocrx_word' id='word_1_281' title='bbox 294 3380 419 3456; x_wconf 80' lang='grc' dir='ltr'><strong><em>γότατον</em></strong></span> <span class='ocrx_word' id='word_1_282' title='bbox 437 3385 614 3456; x_wconf 76' lang='lat' dir='ltr'><strong>mergLomb.</strong></span> <span class='ocrx_word' id='word_1_283' title='bbox 651 3384 695 3440; x_wconf 81' lang='lat' dir='ltr'><strong>cf.</strong></span> <span class='ocrx_word' id='word_1_284' title='bbox 708 3386 732 3448; x_wconf 65' lang='lat'><strong>§-</strong></span> <span class='ocrx_word' id='word_1_285' title='bbox 747 3388 805 3440; x_wconf 84' lang='lat'><strong>113.</strong></span> <span class='ocrx_word' id='word_1_286' title='bbox 822 3412 857 3424; x_wconf 93' lang='lat'>-</span> <span class='ocrx_word' id='word_1_287' title='bbox 874 3401 1098 3452; x_wconf 78' lang='grc' dir='ltr'><strong><em>κακονργοτατοι</em></strong></span> <span class='ocrx_word' id='word_1_288' title='bbox 1116 3383 1155 3438; x_wconf 88' lang='grc' dir='ltr'><strong>Ω.</strong></span> <span class='ocrx_word' id='word_1_289' title='bbox 1224 3385 1250 3448; x_wconf 80' lang='lat'><strong>3)</strong></span> <span class='ocrx_word' id='word_1_290' title='bbox 1270 3377 1384 3450; x_wconf 71' lang='grc' dir='ltr'><strong><em>ἀροῦσιν</em></strong></span> <span class='ocrx_word' id='word_1_291' title='bbox 1402 3370 1446 3434; x_wconf 79' lang='grc' dir='ltr'><strong>ὅτι</strong></span> 
     </span>
     <span class='ocr_line' id='line_1_30' title="bbox 294 3458 1444 3539; baseline -0.002 -15"><span class='ocrx_word' id='word_1_292' title='bbox 294 3475 357 3524; x_wconf 89' lang='lat' dir='ltr'><strong>sine</strong></span> <span class='ocrx_word' id='word_1_293' title='bbox 375 3468 431 3539; x_wconf 82' lang='grc' dir='ltr'><strong>γὰρ</strong></span> <span class='ocrx_word' id='word_1_294' title='bbox 448 3470 552 3521; x_wconf 82' lang='lat' dir='ltr'><strong>LourS.</strong></span> <span class='ocrx_word' id='word_1_295' title='bbox 569 3468 610 3524; x_wconf 90' lang='grc' dir='ltr'><strong>Ω.</strong></span> <span class='ocrx_word' id='word_1_296' title='bbox 630 3470 662 3522; x_wconf 71' lang='grc' dir='ltr'><strong>Τ.</strong></span> <span class='ocrx_word' id='word_1_297' title='bbox 681 3478 699 3524; x_wconf 84' lang='lat' dir='ltr'><strong>t.</strong></span> <span class='ocrx_word' id='word_1_298' title='bbox 712 3489 737 3522; x_wconf 88' lang='lat' dir='ltr'><strong>o.</strong></span> <span class='ocrx_word' id='word_1_299' title='bbox 754 3471 814 3522; x_wconf 84' lang='lat' dir='ltr'><strong>Bor</strong></span> <span class='ocrx_word' id='word_1_300' title='bbox 833 3469 902 3536; x_wconf 87' lang='lat' dir='ltr'><strong>(non</strong></span> <span class='ocrx_word' id='word_1_301' title='bbox 913 3470 982 3538; x_wconf 79' lang='lat' dir='ltr'><strong>Fi).</strong></span> <span class='ocrx_word' id='word_1_302' title='bbox 1000 3469 1074 3522; x_wconf 89' lang='lat' dir='ltr'><strong>Lind</strong></span> <span class='ocrx_word' id='word_1_303' title='bbox 1094 3463 1203 3535; x_wconf 70' lang='grc' dir='ltr'><strong><em>(ἐροῦσι</em></strong></span> <span class='ocrx_word' id='word_1_304' title='bbox 1221 3458 1289 3535; x_wconf 73' lang='grc' dir='ltr'><strong><em>ὅτι).</em></strong></span> <span class='ocrx_word' id='word_1_305' title='bbox 1308 3469 1405 3520; x_wconf 69' lang='lat' dir='ltr'><strong>vinds.</strong></span> <span class='ocrx_word' id='word_1_306' title='bbox 1420 3471 1444 3522; x_wconf 87' lang='grc'><strong>7.</strong></span> 
     </span>
     <span class='ocr_line' id='line_1_31' title="bbox 295 3538 1445 3622; baseline -0.006 -13"><span class='ocrx_word' id='word_1_307' title='bbox 295 3559 330 3609; x_wconf 83' lang='grc' dir='ltr'><strong>Χ.</strong></span> <span class='ocrx_word' id='word_1_308' title='bbox 349 3555 417 3611; x_wconf 81' lang='lat' dir='ltr'><strong>Mel.</strong></span> <span class='ocrx_word' id='word_1_309' title='bbox 440 3557 481 3619; x_wconf 84' lang='lat' dir='ltr'><strong>(in</strong></span> <span class='ocrx_word' id='word_1_310' title='bbox 500 3571 553 3622; x_wconf 89' lang='lat' dir='ltr'><strong>quo</strong></span> <span class='ocrx_word' id='word_1_311' title='bbox 571 3538 625 3606; x_wconf 72' lang='lat' dir='ltr'><strong>edd</strong></span> <span class='ocrx_word' id='word_1_312' title='bbox 643 3548 697 3621; x_wconf 88' lang='grc' dir='ltr'><strong>γάρ</strong></span> <span class='ocrx_word' id='word_1_313' title='bbox 716 3555 792 3620; x_wconf 84' lang='lat' dir='ltr'><strong>Chr).</strong></span> <span class='ocrx_word' id='word_1_314' title='bbox 814 3557 844 3605; x_wconf 91' lang='lat' dir='ltr'><strong>in</strong></span> <span class='ocrx_word' id='word_1_315' title='bbox 861 3555 891 3608; x_wconf 91' lang='grc' dir='ltr'><em>Π</em></span> <span class='ocrx_word' id='word_1_316' title='bbox 909 3551 970 3607; x_wconf 79' lang='lat' dir='ltr'><strong>corr&#39;</strong></span> <span class='ocrx_word' id='word_1_317' title='bbox 994 3538 1049 3622; x_wconf 80' lang='grc' dir='ltr'><strong>γὰρ</strong></span> <span class='ocrx_word' id='word_1_318' title='bbox 1068 3573 1101 3606; x_wconf 85' lang='lat' dir='ltr'><strong>ex</strong></span> <span class='ocrx_word' id='word_1_319' title='bbox 1118 3573 1135 3606; x_wconf 88' lang='grc' dir='ltr'><strong><em>ν</em></strong></span> <span class='ocrx_word' id='word_1_320' title='bbox 1152 3555 1231 3606; x_wconf 76' lang='lat' dir='ltr'><strong>finali</strong></span> <span class='ocrx_word' id='word_1_321' title='bbox 1252 3553 1445 3621; x_wconf 82' lang='lat' dir='ltr'><strong>praecedentis</strong></span> 
     </span>
     <span class='ocr_line' id='line_1_32' title="bbox 295 3623 1445 3709; baseline -0.006 -14"><span class='ocrx_word' id='word_1_322' title='bbox 295 3637 420 3708; x_wconf 72' lang='grc' dir='ltr'><strong><em>ἐροῦσιν.</em></strong></span> <span class='ocrx_word' id='word_1_323' title='bbox 438 3641 468 3690; x_wconf 90' lang='lat' dir='ltr'><strong>in</strong></span> <span class='ocrx_word' id='word_1_324' title='bbox 480 3641 508 3692; x_wconf 91' lang='grc' dir='ltr'><strong><em>Σ</em></strong></span> <span class='ocrx_word' id='word_1_325' title='bbox 525 3656 558 3691; x_wconf 86' lang='lat' dir='ltr'><strong>ex</strong></span> <span class='ocrx_word' id='word_1_326' title='bbox 576 3658 587 3692; x_wconf 88' lang='grc' dir='ltr'><strong><em>ι</em></strong></span> <span class='ocrx_word' id='word_1_327' title='bbox 605 3638 669 3706; x_wconf 75' lang='lat' dir='ltr'><strong>(vi)</strong></span> <span class='ocrx_word' id='word_1_328' title='bbox 683 3640 789 3691; x_wconf 77' lang='lat' dir='ltr'><strong>focium</strong></span> <span class='ocrx_word' id='word_1_329' title='bbox 806 3645 850 3691; x_wconf 88' lang='lat' dir='ltr'><strong>est</strong></span> <span class='ocrx_word' id='word_1_330' title='bbox 867 3641 1060 3709; x_wconf 87' lang='lat' dir='ltr'><strong>compendium</strong></span> <span class='ocrx_word' id='word_1_331' title='bbox 1077 3623 1116 3700; x_wconf 57' lang='grc' dir='ltr'><strong>,λθ</strong></span> <span class='ocrx_word' id='word_1_332' title='bbox 1137 3639 1166 3704; x_wconf 88' lang='lat' dir='ltr'><strong>(i.</strong></span> <span class='ocrx_word' id='word_1_333' title='bbox 1185 3657 1209 3696; x_wconf 90' lang='lat' dir='ltr'><strong>e.</strong></span> <span class='ocrx_word' id='word_1_334' title='bbox 1226 3631 1292 3706; x_wconf 74' lang='grc' dir='ltr'><strong>γὰρ)</strong></span> <span class='ocrx_word' id='word_1_335' title='bbox 1316 3645 1347 3690; x_wconf 88' lang='lat' dir='ltr'><strong>ut</strong></span> <span class='ocrx_word' id='word_1_336' title='bbox 1369 3637 1445 3689; x_wconf 87' lang='lat' dir='ltr'><strong>vide·</strong></span> 
     </span>
     <span class='ocr_line' id='line_1_33' title="bbox 296 3716 1445 3793; baseline -0.005 -14"><span class='ocrx_word' id='word_1_337' title='bbox 296 3733 341 3779; x_wconf 85' lang='lat' dir='ltr'><strong>tur</strong></span> <span class='ocrx_word' id='word_1_338' title='bbox 365 3744 382 3777; x_wconf 83' lang='lat' dir='ltr'><strong>e</strong></span> <span class='ocrx_word' id='word_1_339' title='bbox 404 3727 494 3793; x_wconf 89' lang='lat' dir='ltr'><strong>primo</strong></span> <span class='ocrx_word' id='word_1_340' title='bbox 512 3725 613 3778; x_wconf 83' lang='lat' dir='ltr'><strong>scribe.</strong></span> <span class='ocrx_word' id='word_1_341' title='bbox 690 3724 717 3789; x_wconf 86' lang='lat'><strong>4)</strong></span> <span class='ocrx_word' id='word_1_342' title='bbox 736 3716 927 3792; x_wconf 77' lang='grc' dir='ltr'><strong><em>τάναλοίματα</em></strong></span> <span class='ocrx_word' id='word_1_343' title='bbox 949 3724 988 3780; x_wconf 74' lang='grc' dir='ltr'>Ω</span> <span class='ocrx_word' id='word_1_344' title='bbox 1007 3725 1033 3776; x_wconf 81' lang='grc' dir='ltr'><strong>λ.</strong></span> <span class='ocrx_word' id='word_1_345' title='bbox 1050 3743 1074 3780; x_wconf 88' lang='lat' dir='ltr'><strong>r.</strong></span> <span class='ocrx_word' id='word_1_346' title='bbox 1092 3724 1190 3780; x_wconf 71' lang='lat' dir='ltr'><strong>vinde.</strong></span> <span class='ocrx_word' id='word_1_347' title='bbox 1214 3723 1251 3774; x_wconf 90' lang='grc' dir='ltr'><strong>Π.</strong></span> <span class='ocrx_word' id='word_1_348' title='bbox 1269 3724 1335 3774; x_wconf 85' lang='lat' dir='ltr'><strong>Mol.</strong></span> <span class='ocrx_word' id='word_1_349' title='bbox 1355 3724 1388 3776; x_wconf 88' lang='lat' dir='ltr'><strong>X.</strong></span> <span class='ocrx_word' id='word_1_350' title='bbox 1412 3749 1445 3758; x_wconf 86' lang='lat'><em>-</em></span> 
     </span>
    </p>
   </div>
   <div class='ocr_carea' id='block_1_6' title="bbox 296 3801 1447 4014">
    <p class='ocr_par' dir='ltr' id='par_1_7' title="bbox 296 3801 1447 4014">
     <span class='ocr_line' id='line_1_34' title="bbox 296 3801 1446 3891; baseline -0.007 -27"><span class='ocrx_word' id='word_1_351' title='bbox 296 3805 332 3864; x_wconf 80' lang='grc' dir='ltr'><strong><em>τά</em></strong></span> <span class='ocrx_word' id='word_1_352' title='bbox 351 3801 524 3875; x_wconf 70' lang='grc' dir='ltr'><strong><em>ἀναλώματα</em></strong></span> <span class='ocrx_word' id='word_1_353' title='bbox 543 3808 578 3863; x_wconf 84' lang='grc' dir='ltr'><strong>Σ,</strong></span> <span class='ocrx_word' id='word_1_354' title='bbox 596 3810 701 3864; x_wconf 84' lang='lat' dir='ltr'><strong>LourS.</strong></span> <span class='ocrx_word' id='word_1_355' title='bbox 719 3810 793 3876; x_wconf 78' lang='lat' dir='ltr'><strong>vulg.</strong></span> <span class='ocrx_word' id='word_1_356' title='bbox 826 3810 875 3891; x_wconf 66' lang='lat' dir='ltr'><strong>pf.</strong></span> <span class='ocrx_word' id='word_1_357' title='bbox 893 3812 972 3873; x_wconf 67' lang='lat' dir='ltr'><strong>§.uo</strong></span> <span class='ocrx_word' id='word_1_358' title='bbox 1041 3810 1068 3874; x_wconf 82' lang='grc' dir='ltr'><strong>ὅ)</strong></span> <span class='ocrx_word' id='word_1_359' title='bbox 1087 3808 1244 3876; x_wconf 76' lang='grc' dir='ltr'><strong><em>γυμνασίαν</em></strong></span> <span class='ocrx_word' id='word_1_360' title='bbox 1262 3809 1301 3872; x_wconf 85' lang='grc' dir='ltr'><strong>Σ,</strong></span> <span class='ocrx_word' id='word_1_361' title='bbox 1321 3808 1350 3857; x_wconf 91' lang='lat' dir='ltr'><strong>in</strong></span> <span class='ocrx_word' id='word_1_362' title='bbox 1367 3822 1446 3872; x_wconf 79' lang='lat' dir='ltr'><strong>marg</strong></span> 
     </span>
     <span class='ocr_line' id='line_1_35' title="bbox 297 3877 1447 4014; baseline -0.006 -14"><span class='ocrx_word' id='word_1_363' title='bbox 297 3949 376 4014; x_wconf 81' lang='lat' dir='ltr'><strong>ontiq</strong></span> <span class='ocrx_word' id='word_1_364' title='bbox 397 3964 441 4014; x_wconf 85' lang='grc' dir='ltr'><strong>γρ.</strong></span> <span class='ocrx_word' id='word_1_365' title='bbox 460 3946 693 4014; x_wconf 78' lang='grc' dir='ltr'><strong><em>γυμνασιαρχίαι.</em></strong></span> <span class='ocrx_word' id='word_1_366' title='bbox 718 3974 750 3983; x_wconf 93' lang='grc'><strong>-</strong></span> <span class='ocrx_word' id='word_1_367' title='bbox 779 3877 937 4014; x_wconf 36' lang='lat' dir='ltr'><strong>popisma</strong></span> <span class='ocrx_word' id='word_1_368' title='bbox 955 3947 1100 4012; x_wconf 82' lang='lat' dir='ltr'><strong>prLeurS,</strong></span> <span class='ocrx_word' id='word_1_369' title='bbox 1125 3947 1215 3998; x_wconf 82' lang='lat' dir='ltr'><strong>altere</strong></span> <span class='ocrx_word' id='word_1_370' title='bbox 1238 3959 1335 3996; x_wconf 77' lang='lat' dir='ltr'><strong>manus</strong></span> <span class='ocrx_word' id='word_1_371' title='bbox 1353 3959 1447 4010; x_wconf 91' lang='lat' dir='ltr'><strong>super-</strong></span> 
     </span>
    </p>
   </div>
   <div class='ocr_carea' id='block_1_7' title="bbox 296 4027 1449 4774">
    <p class='ocr_par' dir='ltr' id='par_1_8' title="bbox 296 4027 1449 4774">
     <span class='ocr_line' id='line_1_36' title="bbox 297 4027 1446 4102; baseline -0.008 -16"><span class='ocrx_word' id='word_1_372' title='bbox 297 4036 405 4102; x_wconf 80' lang='lat' dir='ltr'><strong>scripto</strong></span> <span class='ocrx_word' id='word_1_373' title='bbox 423 4032 540 4096; x_wconf 78' lang='lat' dir='ltr'><strong>delerit,</strong></span> <span class='ocrx_word' id='word_1_374' title='bbox 560 4037 588 4083; x_wconf 82' lang='lat' dir='ltr'><strong>et</strong></span> <span class='ocrx_word' id='word_1_375' title='bbox 605 4033 719 4098; x_wconf 82' lang='lat' dir='ltr'><strong>scripsit</strong></span> <span class='ocrx_word' id='word_1_376' title='bbox 737 4031 969 4099; x_wconf 83' lang='grc' dir='ltr'><strong><em>γυμνασιαρχίαι.</em></strong></span> <span class='ocrx_word' id='word_1_377' title='bbox 989 4059 1021 4067; x_wconf 96' lang='lat'><strong>—-</strong></span> <span class='ocrx_word' id='word_1_378' title='bbox 1040 4031 1192 4082; x_wconf 85' lang='lat' dir='ltr'><strong>‘Immunes</strong></span> <span class='ocrx_word' id='word_1_379' title='bbox 1211 4031 1258 4097; x_wconf 90' lang='lat' dir='ltr'><strong>qui</strong></span> <span class='ocrx_word' id='word_1_380' title='bbox 1277 4035 1379 4094; x_wconf 84' lang='lat' dir='ltr'><strong>essent,</strong></span> <span class='ocrx_word' id='word_1_381' title='bbox 1398 4027 1446 4078; x_wconf 86' lang='lat' dir='ltr'><strong>t&#39;ri·</strong></span> 
     </span>
     <span class='ocr_line' id='line_1_37' title="bbox 296 4113 1446 4186; baseline -0.006 -16"><span class='ocrx_word' id='word_1_382' title='bbox 296 4119 367 4186; x_wconf 89' lang='lat' dir='ltr'><strong>plici</strong></span> <span class='ocrx_word' id='word_1_383' title='bbox 389 4117 433 4167; x_wconf 92' lang='lat' dir='ltr'><strong>illi</strong></span> <span class='ocrx_word' id='word_1_384' title='bbox 455 4133 538 4168; x_wconf 86' lang='lat' dir='ltr'><strong>onere</strong></span> <span class='ocrx_word' id='word_1_385' title='bbox 562 4123 642 4167; x_wconf 82' lang='lat' dir='ltr'><strong>erent</strong></span> <span class='ocrx_word' id='word_1_386' title='bbox 663 4117 795 4181; x_wconf 76' lang='lat' dir='ltr'><strong>relevati,</strong></span> <span class='ocrx_word' id='word_1_387' title='bbox 824 4116 1050 4171; x_wconf 82' lang='lat' dir='ltr'><strong>conferendorum</strong></span> <span class='ocrx_word' id='word_1_388' title='bbox 1077 4117 1188 4167; x_wconf 82' lang='lat' dir='ltr'><strong>seilicet</strong></span> <span class='ocrx_word' id='word_1_389' title='bbox 1209 4115 1387 4181; x_wconf 78' lang='lat' dir='ltr'><strong>pecuniarum</strong></span> <span class='ocrx_word' id='word_1_390' title='bbox 1411 4113 1446 4163; x_wconf 81' lang='lat' dir='ltr'><strong>od</strong></span> 
     </span>
     <span class='ocr_line' id='line_1_38' title="bbox 298 4197 1446 4270; baseline -0.008 -14"><span class='ocrx_word' id='word_1_391' title='bbox 298 4205 397 4256; x_wconf 88' lang='lat' dir='ltr'><strong>choros</strong></span> <span class='ocrx_word' id='word_1_392' title='bbox 414 4202 554 4270; x_wconf 87' lang='lat' dir='ltr'><strong>publicos,</strong></span> <span class='ocrx_word' id='word_1_393' title='bbox 572 4206 630 4252; x_wconf 89' lang='lat' dir='ltr'><strong>tum</strong></span> <span class='ocrx_word' id='word_1_394' title='bbox 649 4201 683 4252; x_wconf 83' lang='lat' dir='ltr'><strong>od</strong></span> <span class='ocrx_word' id='word_1_395' title='bbox 702 4205 861 4269; x_wconf 80' lang='lat' dir='ltr'><strong>gymnasio,</strong></span> <span class='ocrx_word' id='word_1_396' title='bbox 884 4201 1004 4267; x_wconf 89' lang='lat' dir='ltr'><strong>denique</strong></span> <span class='ocrx_word' id='word_1_397' title='bbox 1023 4200 1058 4252; x_wconf 84' lang='lat' dir='ltr'><strong>ed</strong></span> <span class='ocrx_word' id='word_1_398' title='bbox 1077 4201 1173 4267; x_wconf 78' lang='lat' dir='ltr'><strong>epulas</strong></span> <span class='ocrx_word' id='word_1_399' title='bbox 1191 4200 1329 4254; x_wconf 87' lang='lat' dir='ltr'><strong>solennes.</strong></span> <span class='ocrx_word' id='word_1_400' title='bbox 1363 4197 1446 4248; x_wconf 87' lang='lat' dir='ltr'><strong>Vide·</strong></span> 
     </span>
     <span class='ocr_line' id='line_1_39' title="bbox 297 4275 1447 4354; baseline -0.004 -13"><span class='ocrx_word' id='word_1_401' title='bbox 297 4295 343 4341; x_wconf 86' lang='lat' dir='ltr'><strong>tur</strong></span> <span class='ocrx_word' id='word_1_402' title='bbox 360 4289 456 4354; x_wconf 75' lang='lat' dir='ltr'><strong>itaque</strong></span> <span class='ocrx_word' id='word_1_403' title='bbox 474 4292 537 4354; x_wconf 84' lang='lat' dir='ltr'><strong>post</strong></span> <span class='ocrx_word' id='word_1_404' title='bbox 553 4303 613 4339; x_wconf 82' lang='lat' dir='ltr'><strong>voc.</strong></span> <span class='ocrx_word' id='word_1_405' title='bbox 631 4287 854 4354; x_wconf 73' lang='grc' dir='ltr'><strong><em>γυμνασιαρχίαι</em></strong></span> <span class='ocrx_word' id='word_1_406' title='bbox 872 4286 969 4338; x_wconf 80' lang='lat' dir='ltr'><strong>deesse</strong></span> <span class='ocrx_word' id='word_1_407' title='bbox 993 4279 1027 4337; x_wconf 80' lang='grc' dir='ltr'><strong><em>αλ</em></strong></span> <span class='ocrx_word' id='word_1_408' title='bbox 1044 4275 1215 4353; x_wconf 80' lang='grc' dir='ltr'><strong><em>ἕστιατορίαι</em></strong></span> <span class='ocrx_word' id='word_1_409' title='bbox 1234 4285 1279 4336; x_wconf 88' lang='lat' dir='ltr'><strong>vei</strong></span> <span class='ocrx_word' id='word_1_410' title='bbox 1297 4284 1354 4335; x_wconf 80' lang='lat' dir='ltr'><strong>tole</strong></span> <span class='ocrx_word' id='word_1_411' title='bbox 1374 4283 1447 4350; x_wconf 86' lang='lat' dir='ltr'><strong>quid.</strong></span> 
     </span>
     <span class='ocr_line' id='line_1_40' title="bbox 297 4369 1449 4439; baseline -0.008 -13"><span class='ocrx_word' id='word_1_412' title='bbox 297 4376 360 4426; x_wconf 88' lang='lat' dir='ltr'><strong>Duo</strong></span> <span class='ocrx_word' id='word_1_413' title='bbox 378 4377 487 4424; x_wconf 78' lang='lat' dir='ltr'><strong>turrium</strong></span> <span class='ocrx_word' id='word_1_414' title='bbox 506 4387 610 4439; x_wconf 79' lang='lat' dir='ltr'><strong>genere</strong></span> <span class='ocrx_word' id='word_1_415' title='bbox 628 4373 860 4423; x_wconf 84' lang='lat' dir='ltr'><strong>oontributionum</strong></span> <span class='ocrx_word' id='word_1_416' title='bbox 877 4389 932 4424; x_wconf 92' lang='lat' dir='ltr'><strong>non</strong></span> <span class='ocrx_word' id='word_1_417' title='bbox 950 4371 1078 4423; x_wconf 83' lang='lat' dir='ltr'><strong>ridentur</strong></span> <span class='ocrx_word' id='word_1_418' title='bbox 1095 4373 1166 4423; x_wconf 84' lang='lat' dir='ltr'><strong>setis</strong></span> <span class='ocrx_word' id='word_1_419' title='bbox 1185 4371 1299 4437; x_wconf 86' lang='lat' dir='ltr'><strong>impiere</strong></span> <span class='ocrx_word' id='word_1_420' title='bbox 1319 4369 1449 4436; x_wconf 75' lang='lat' dir='ltr'><strong>amplitu-</strong></span> 
     </span>
     <span class='ocr_line' id='line_1_41' title="bbox 298 4447 1445 4521; baseline -0.003 -12"><span class='ocrx_word' id='word_1_421' title='bbox 298 4459 391 4510; x_wconf 89' lang='lat' dir='ltr'><strong>dinem</strong></span> <span class='ocrx_word' id='word_1_422' title='bbox 418 4457 547 4510; x_wconf 79' lang='lat' dir='ltr'><strong>vocabuli</strong></span> <span class='ocrx_word' id='word_1_423' title='bbox 570 4447 693 4509; x_wconf 75' lang='grc' dir='ltr'><strong><em>ἅπαντα.</em></strong></span> <span class='ocrx_word' id='word_1_424' title='bbox 735 4458 828 4521; x_wconf 80' lang='lat' dir='ltr'><strong>Quone</strong></span> <span class='ocrx_word' id='word_1_425' title='bbox 854 4459 967 4508; x_wconf 79' lang='lat' dir='ltr'><strong>tertium</strong></span> <span class='ocrx_word' id='word_1_426' title='bbox 992 4457 1109 4508; x_wconf 80' lang='lat' dir='ltr'><strong>accedet</strong></span> <span class='ocrx_word' id='word_1_427' title='bbox 1131 4455 1239 4510; x_wconf 82' lang='lat' dir='ltr'><strong>veiim’</strong></span> <span class='ocrx_word' id='word_1_428' title='bbox 1275 4454 1445 4506; x_wconf 84' lang='lat' dir='ltr'><strong>Reiskius.</strong></span> 
     </span>
     <span class='ocr_line' id='line_1_42' title="bbox 298 4541 1449 4610; baseline -0.005 -16"><span class='ocrx_word' id='word_1_429' title='bbox 298 4543 423 4596; x_wconf 80' lang='lat' dir='ltr'><strong>‘Nemini</strong></span> <span class='ocrx_word' id='word_1_430' title='bbox 442 4543 670 4594; x_wconf 80' lang='lat' dir='ltr'><strong>onte‘Reiskium</strong></span> <span class='ocrx_word' id='word_1_431' title='bbox 688 4544 733 4594; x_wconf 89' lang='lat' dir='ltr'><strong>hic</strong></span> <span class='ocrx_word' id='word_1_432' title='bbox 751 4542 828 4594; x_wconf 88' lang='lat' dir='ltr'><strong>locus</strong></span> <span class='ocrx_word' id='word_1_433' title='bbox 846 4543 1002 4610; x_wconf 82' lang='lat' dir='ltr'><strong>scrupulum</strong></span> <span class='ocrx_word' id='word_1_434' title='bbox 1023 4543 1129 4593; x_wconf 88' lang='lat' dir='ltr'><strong>iniecit.</strong></span> <span class='ocrx_word' id='word_1_435' title='bbox 1166 4543 1273 4592; x_wconf 86' lang='lat' dir='ltr'><strong>Primus</strong></span> <span class='ocrx_word' id='word_1_436' title='bbox 1291 4541 1449 4606; x_wconf 83' lang='lat' dir='ltr'><strong>suspicetur</strong></span> 
     </span>
     <span class='ocr_line' id='line_1_43' title="bbox 299 4618 1447 4695; baseline -0.006 -15"><span class='ocrx_word' id='word_1_437' title='bbox 299 4629 441 4695; x_wconf 72' lang='lat' dir='ltr'><strong>quidpiam</strong></span> <span class='ocrx_word' id='word_1_438' title='bbox 466 4629 574 4680; x_wconf 87' lang='lat' dir='ltr'><strong>deesse.</strong></span> <span class='ocrx_word' id='word_1_439' title='bbox 618 4632 707 4691; x_wconf 67' lang='lat' dir='ltr'><strong>Bene:</strong></span> <span class='ocrx_word' id='word_1_440' title='bbox 738 4629 817 4680; x_wconf 86' lang='lat' dir='ltr'><strong>modo</strong></span> <span class='ocrx_word' id='word_1_441' title='bbox 845 4629 1006 4694; x_wconf 83' lang='lat' dir='ltr'><strong>reperietur.</strong></span> <span class='ocrx_word' id='word_1_442' title='bbox 1045 4637 1119 4678; x_wconf 86' lang='lat' dir='ltr'><strong>nem</strong></span> <span class='ocrx_word' id='word_1_443' title='bbox 1139 4618 1303 4691; x_wconf 77' lang='grc' dir='ltr'><strong><em>ἕστιατορία</em></strong></span> <span class='ocrx_word' id='word_1_444' title='bbox 1329 4623 1447 4676; x_wconf 85' lang='lat' dir='ltr'><strong>nondum</strong></span> 
     </span>
     <span class='ocr_line' id='line_1_44' title="bbox 349 4711 1246 4774; baseline -0.003 -10"><span class='ocrx_word' id='word_1_445' title='bbox 349 4729 490 4766; x_wconf 77' lang='lat' dir='ltr'><strong>nnuosnn.</strong></span> <span class='ocrx_word' id='word_1_446' title='bbox 508 4729 574 4766; x_wconf 78' lang='lat' dir='ltr'><strong>sor.</strong></span> <span class='ocrx_word' id='word_1_447' title='bbox 593 4730 675 4768; x_wconf 72' lang='lat' dir='ltr'><strong>serr.</strong></span> <span class='ocrx_word' id='word_1_448' title='bbox 1206 4711 1246 4774; x_wconf 88' lang='lat'><strong>10</strong></span> 
     </span>
    </p>
   </div>
   <div class='ocr_carea' id='block_1_8' title="bbox 0 0 1992 5609">
    <p class='ocr_par' dir='ltr' id='par_1_9' title="bbox 0 0 1992 5609">
     <span class='ocr_line' id='line_1_45' title="bbox 0 0 1992 5609; baseline 0 0"><span class='ocrx_word' id='word_1_449' title='bbox 0 0 1992 5609; x_wconf 95' lang='lat' dir='ltr'><strong> </strong></span> 
     </span>
    </p>
   </div>
  </div>
 </body>
</html>
