3950 5609
519 519 580 584 192
1004 539 1176 582 exeussus.

517 695 561 758 qui
576 694 691 756 praemio
708 692 830 742 obtinent.
860 691 921 741 Nou
938 691 1125 756 patiturhueo
1138 691 1414 756 grammaticarstIo.
1445 690 1670 754 Longediversn

517 777 672 827 rationein
690 792 728 828 or.
747 772 812 838 περὶ
830 768 989 838 συντάξεως
1013 792 1038 839 p.
1060 776 1107 824 173
1131 773 1309 838 appellantur
1326 767 1360 824 αί
1376 771 1433 824 τῶν
1452 769 1541 836 ξένον
1559 773 1672 839 δωρεαί

517 863 536 910 i.
555 879 580 915 e.
603 876 675 925 quoe
701 860 856 925 peregrinis
882 860 1047 908 tribuuntur.
1088 858 1142 908 Sed
1169 857 1252 923 χρεία
1280 855 1335 908 τῶν
1363 851 1571 922 εὑρισκομένων
1597 875 1622 907 s.
1642 857 1669 909 δ.

517 945 586 994 nihil
609 943 686 994 uliud
709 959 769 994 esse
793 947 896 1008 potest,
920 943 973 991 nisi
997 945 1182 993 emolumentum
1204 944 1273 1008 qnod
1294 944 1440 1007 perciplant
1458 947 1562 1007 [manni
1580 960 1620 993 ex
1638 947 1671 992 iis

517 1032 561 1095 qui
576 1031 692 1093 praemia
709 1027 829 1080 obtinent.
860 1044 912 1078 nee
931 1033 997 1093 puto
1022 1025 1121 1091 χρείαν
1145 1027 1200 1076 ulio
1224 1026 1302 1078 modo
1321 1042 1442 1091 unquam
1459 1041 1521 1077 oum
1540 1029 1670 1093 genitivo

516 1115 592 1180 iungi
615 1114 670 1164 ulei
693 1114 753 1164 eius
775 1114 828 1172 rei,
853 1128 887 1162 ex
909 1127 963 1176 quu
986 1112 1093 1162 utilitas
1113 1112 1294 1178 percipienda
1311 1113 1357 1162 eit.
1395 1113 1446 1161 Est
1463 1127 1572 1178 quoque
1595 1113 1668 1176 quod

513 1200 545 1269 ln
566 1199 629 1265 ipss
649 1198 699 1249 illu
721 1198 859 1249 locutione
877 1194 933 1248 τῶν
951 1188 1160 1260 εὑρισκομένων
1178 1189 1229 1256 τὰς
1248 1189 1356 1260 δωρεάς
1374 1195 1505 1247 offendet.
1541 1197 1669 1246 Primum

517 1288 650 1349 perpetuo
668 1284 697 1334 in
715 1283 768 1333 heo
786 1283 911 1332 oratioue
925 1273 1062 1345 εὑρέσθαι
1076 1286 1125 1330 unt
1138 1272 1280 1347 εὑρῆσθαι
1293 1282 1322 1330 in
1334 1298 1369 1332 en
1381 1296 1411 1332 re
1424 1283 1547 1346 ponitur,
1567 1298 1669 1346 quem·

516 1384 597 1433 quern
620 1384 674 1418 non
697 1370 793 1433 ignoro
817 1382 950 1433 praesens
972 1372 1080 1432 tempus
1102 1365 1214 1416 defendi
1237 1381 1317 1431 posse
1336 1367 1470 1416 Aristoor.
1494 1383 1520 1432 p.
1539 1369 1592 1416 661
1613 1367 1669 1430 lin,

515 1460 546 1503 ut
564 1447 759 1518 εὑρισκόμενοι
777 1453 814 1503 eit
831 1451 918 1514 idem,
938 1451 1009 1517 qnod
1027 1441 1177 1512 ἀξιοῦντες
1195 1454 1301 1517 τυχεῖν.
1338 1450 1392 1501 Sed
1410 1452 1463 1501 isto
1476 1453 1555 1502 morlo
1568 1451 1669 1502 dicere

516 1543 651 1590 oratorem
669 1538 816 1603 oportebat
833 1535 867 1602 τῇ
886 1538 966 1603 χρείᾳ
984 1527 1051 1594 τούς
1070 1527 1289 1601 εὑρισκομένους
1307 1527 1358 1595 τὰς
1371 1534 1398 1586 e.
1411 1529 1442 1586 σί
1452 1529 1593 1600 τύραννοι
1613 1529 1669 1601 μα’-

516 1624 598 1674 ίισια
616 1614 755 1674 δύνανται
778 1620 864 1688 τιμᾷν
887 1623 906 1672 i.
927 1637 950 1671 e.
969 1625 1130 1672 consolamento
1154 1639 1198 1673 eos
1220 1624 1263 1687 qni
1282 1623 1400 1686 pruentia
1421 1621 1535 1672 obtinere
1558 1629 1669 1673 conten·

516 1711 578 1758 dreni
595 1710 702 1758 monitae
718 1716 824 1779 possunt
842 1708 977 1758 honorare.
1013 1707 1071 1757 Neo
1094 1707 1134 1756 eiu
1159 1712 1251 1756 tumen
1275 1707 1412 1756 consinus
1436 1707 1489 1756 erit
1506 1705 1616 1771 oratio,
1639 1707 1668 1756 in

517 1808 570 1857 qun
588 1809 643 1843 non
660 1792 694 1842 de
713 1793 868 1843 horninibus
887 1793 993 1857 agitur,
1017 1791 1064 1842 sed
1088 1794 1270 1857 praemiorum
1293 1807 1398 1855 genera
1421 1791 1494 1841 inter
1515 1806 1547 1842 ee
1566 1791 1669 1842 conie-

516 1883 621 1938 runtur,
640 1879 681 1927 itu
698 1883 730 1926 nt
747 1876 811 1928 hine
830 1871 897 1943 σιμὴ
917 1882 945 1926 et
963 1869 1123 1942 βεβαιότης,
1143 1877 1221 1925 illiue
1240 1876 1322 1941 χρεία
1340 1877 1376 1925 sit
1395 1881 1423 1926 et
1440 1875 1512 1940 quod
1531 1875 1599 1927 tlein
1620 1878 1668 1928 ‹le-

516 1968 649 2012 monstrnt
662 1954 789 2013 οἶιιιστία.
817 1963 890 2011 Ηίοο
903 1963 1029 2027 suspicor
1041 1961 1212 2010 liberandum
1225 1975 1285 2011 esse
1299 1960 1386 2011 locum
1400 1961 1667 2026 interpolationibus

516 2047 722 2112 resecandaque
746 2063 807 2097 esse
830 2048 947 2112 primum
970 2047 1056 2097 verbe
1083 2043 1116 2112 τῇ
1140 2044 1197 2096 τῶν
1221 2036 1327 2108 eripies.
1350 2062 1374 2098 r.
1394 2043 1436 2110 ri„
1466 2052 1523 2096 tum
1546 2049 1666 2098 verbum

515 2130 610 2199 τιμᾷν.
651 2133 754 2182 Sensus
777 2139 833 2182 est:
860 2119 1021 2182 errrollinrento
1049 2133 1113 2180 enim
1140 2133 1244 2196 tyranni
1265 2139 1290 2180 et
1313 2131 1507 2196 oliporchiorum
1529 2135 1668 2198 principes

513 2219 621 2268 monime
639 2220 734 2275 osleni,
758 2225 965 2282 potentissimi,
991 2219 1007 2268 i.
1027 2233 1050 2266 o.
1070 2215 1140 2281 quod
1164 2232 1181 2265 ο
1204 2217 1329 2280 tyrannis
1352 2221 1528 2280 exspectetur
1552 2223 1583 2268 et
1602 2234 1665 2284 epe-

515 2307 591 2352 rstur
602 2303 631 2352 in
644 2303 738 2367 primis
752 2301 1032 2365 emolumentorum,
1047 2317 1098 2366 quo
1113 2301 1257 2351 tribuendo
1270 2299 1374 2353 volent.
1392 2303 1492 2352 diuitem
1503 2304 1576 2364 eninr,
1592 2319 1665 2369 quens

512 2390 603 2451 velint,
621 2389 705 2436 statim
722 2389 833 2438 reddere
848 2384 977 2451 possunt)
1004 2386 1129 2435 Bnlrius
1148 2385 1176 2434 in
1195 2386 1376 2450 Hypomnem.
1394 2387 1426 2436 T.
1440 2387 1481 2436 III
1498 2403 1527 2452 p.
1540 2389 1591 2437 120
1604 2403 1664 2452 sqq.

513 2471 601 2522 Multo
624 2471 726 2522 clarior
754 2477 797 2522 est
819 2473 959 2523 sententis
984 2472 1157 2521 ooneerrutls
1180 2471 1272 2521 verbis
1296 2470 1361 2522 illis.
1398 2472 1509 2521 Erravit
1531 2483 1599 2523 vero
1623 2474 1666 2522 vIr

514 2557 690 2608 doctissimus
713 2558 748 2608 ‹le
771 2559 894 2622 genitivo
913 2573 930 2607 ο
954 2555 1035 2622 χρεία
1054 2556 1193 2622 pendenti.
1224 2571 1287 2605 num
1305 2571 1359 2606 non
1378 2557 1465 2606 solum
1484 2558 1665 2623 oouiungItur

515 2657 575 2692 eum
593 2643 718 2707 geuItivo
737 2644 790 2698 rei.
814 2659 847 2692 ex
871 2657 925 2706 qun
943 2641 1050 2692 utilitas
1069 2642 1233 2706 percipitur,
1259 2640 1307 2690 sed
1332 2644 1415 2692 etiem
1433 2641 1589 2704 homiuum,
1616 2645 1663 2708 qui

514 2727 679 2793 percipiant.
719 2728 793 2780 Plat.
815 2728 902 2791 Legg.
925 2727 991 2776 VIII
1019 2743 1045 2791 p.
1065 2728 1114 2778 849
1138 2729 1173 2776 A:
1211 2717 1228 2792 ἡ
1253 2717 1281 2775 δ’
1305 2717 1451 2792 ἐπιμέλεια
1470 2763 1527 2790 ...,
1554 2720 1596 2794 μή
1621 2743 1663 2786 τις

513 2804 601 2876 ἀδικῇ
619 2807 715 2877 risile
733 2802 969 2873 torinneium
988 2809 1099 2877 χρείας,
1122 2812 1140 2864 i.
1161 2827 1184 2864 e.
1204 2827 1235 2861 ne
1257 2813 1313 2876 quis
1334 2813 1361 2862 in
1384 2813 1502 2878 quopiam
1519 2828 1549 2862 re
1567 2815 1662 2862 iniuste

510 2898 594 2961 sociat
616 2913 680 2962 quae
707 2899 744 2947 nd
768 2898 890 2947 leoninum
912 2901 1077 2946 necessitates
1099 2900 1236 2960 pertineat
1276 2895 1394 2946 Dstirus
1420 2903 1512 2948 sutem
1535 2896 1561 2947 h.
1582 2897 1603 2950 l.
1628 2896 1663 2963 τῇ

512 2981 594 3048 χρείᾳ
617 2988 660 3033 est
681 2981 824 3032 relationis
852 2987 881 3032 et
903 2981 1051 3041 commodi,
1078 2983 1128 3031 den
1151 2981 1330 3044 bedirsnissen
1353 2983 1430 3040 nort,
1451 2990 1570 3048 respectu
1595 3000 1661 3034 eorn-

512 3070 648 3117 modorum.
683 3073 714 3117 ut
735 3067 811 3118 Iseei
833 3082 871 3116 or.
891 3066 924 3116 de
944 3065 1086 3130 Cleonym.
1106 3065 1216 3117 haered.
1238 3067 1262 3126 ξ.
1281 3068 1327 3118 to:
1360 3058 1468 3126 ἐκεῖνος
1489 3066 1540 3120 καὶ
1563 3063 1661 3134 γένει

511 3148 659 3218 προςήκων
681 3143 825 3219 ἐγγυτάτω
849 3148 899 3202 καὶ
926 3149 967 3218 τῇ
989 3149 1089 3218 χρείᾳ
1115 3145 1230 3203 πάντων
1254 3137 1290 3215 ἦν
1312 3147 1502 3217 οἰκειότατος,
1532 3155 1580 3204 der
1605 3171 1660 3204 oer—

510 3238 682 3301 ioondtseirast
703 3240 756 3288 und
776 3239 832 3287 dem
854 3252 960 3302 urripanp
978 3238 1055 3292 noel,
1076 3253 1170 3301 penore
1189 3245 1214 3287 et
1232 3239 1420 3288 consuetudine.
1457 3236 1659 3304 (Frequentius

511 3320 546 3389 τῇ
564 3321 645 3389 χρείᾳ
663 3324 681 3371 i.
700 3339 726 3388 q.
746 3339 792 3373 aris
809 3322 969 3384 belliniensis,
994 3324 1145 3372 necessitate
1158 3303 1293 3388 ‘eouctnsl
1330 3322 1462 3372 Similiter
1485 3323 1572 3388 τιμᾶν
1597 3339 1659 3375 oum

511 3407 564 3458 hoc
582 3408 690 3473 dativo,
713 3424 767 3459 non
790 3407 878 3459 solnm
903 3423 963 3458 oum
987 3407 1203 3471 instrumentali,
1229 3407 1275 3472 qui
1293 3408 1412 3458 ooonrrit
1429 3409 1546 3473 ubique:
1573 3401 1659 3476 ἡμεῖς

511 3487 545 3544 δὲ
564 3491 640 3559 φυλῇ
658 3490 707 3545 καί
725 3489 802 3560 μένει
820 3485 972 3560 ιιμιὸμενοι
991 3493 1130 3558 Aristoph.
1150 3508 1211 3546 ουν.
1230 3507 1270 3543 vs.
1284 3495 1324 3548 33.

981 3650 1125 3658 .---——-·
1156 3649 1183 3656 .-

578 3769 619 3819 Ad
637 3771 660 3830 §-
680 3765 736 3820 115.
771 3770 887 3820 Temere
910 3769 940 3819 in
962 3774 1063 3819 textum
1083 3767 1195 3835 irrepsit
1213 3765 1376 3836 δυςφημεΐν
1394 3770 1556 3821 coniectura
1574 3772 1656 3822 Hert·

508 3854 561 3904 lini
584 3854 644 3905 loco
667 3855 797 3904 lectionis
815 3855 944 3905 librorum
967 3853 1157 3920 βλασφημεῖν.
1194 3871 1255 3905 num
1275 3857 1335 3906 sive
1354 3857 1406 3906 lroo
1424 3855 1457 3905 de
1477 3857 1596 3906 infamis
1614 3858 1654 3906 in·

510 3939 634 4003 telligns‚
658 3940 816 3990 defenditur
838 3943 862 4002 ξ.
883 3943 931 3990 165
950 3939 1003 4004 (ei.
1022 3941 1142 4006 Aristog.
1162 3943 1175 3991 I
1193 3942 1216 4000 ἕ.
1236 3941 1281 3990 26:
1313 3939 1500 4007 βλασφημίαν
1517 3933 1585 3995 α’ντί
1604 3943 1655 4008 τῆς

510 4023 563 4075 νῦν
582 4017 753 4090 εὐφημίας);
772 4027 844 4086 sivo,
864 4026 935 4090 qnod
954 4027 1044 4090 magis
1063 4027 1207 4088 convenit,
1232 4025 1266 4074 ‹lo
1278 4026 1358 4076 'mulo
1377 4029 1481 4086 omine,
1499 4025 1563 4078 vide
1582 4030 1654 4080 Astii

510 4110 577 4161 Lex.
595 4109 668 4160 Plat.
690 4126 711 4163 s.
729 4126 756 4162 v.
775 4109 945 4176 Βλασφημῶ.
