3950 5609
567 514 786 560 nnuos'rrrama
802 515 854 557 ou.
868 512 1033 557 anvaasus
1049 514 1216 555 carrinam.
1413 490 1454 558 57

300 673 381 734 τῶν
397 664 620 749 ὑπαρχόντων
634 664 709 750 ἤδη.
748 658 827 727 Εἶθ’
845 659 939 747 ὑμεῖς
954 663 1022 727 ἔτι4
1038 664 1233 744 σκοπεῖτε,5
1251 663 1282 727 εἰ
1295 659 1357 747 χρὴ
1375 666 1455 727 τοῦ-
1465 676 1515 725 lus

303 794 374 835 τον
396 770 583 851 ἐξαλεῖψαι,
604 768 660 833 καὶ
680 764 721 831 orl
737 766 840 831 πάλαι
861 764 1108 849 βεβούλευσθες
1133 764 1321 849 Ἀνάγνωθι
1341 760 1455 849 λαβάν

307 870 431 949 αὐτοῖς
450 868 508 937 adl
528 870 743 957 uqoiopew⁷
765 865 824 933 roll
845 869 1004 953 περὶτοῦ
1028 867 1214 945 Λεύκωνος.

307 1071 389 1127 tibus
410 1066 572 1125 utilitatibus
591 1068 643 1122 λιιι]
664 1065 753 1123 aufert
773 1064 883 1138 aliquid.
928 1064 961 1121 Et
978 1082 1024 1121 vos
1040 1072 1130 1121 temen
1145 1066 1179 1122 De
1193 1083 1224 1121 ea
1239 1062 1393 1137 alrrogaudu
1408 1064 1455 1120 de·

304 1155 435 1212 liberetis
462 1152 562 1215 adhuc,
591 1168 644 1208 nun
672 1152 723 1209 ium
745 1150 808 1207 olim
830 1148 1019 1207 deliberastis?
1055 1151 1164 1207 Decreta
1186 1150 1218 1207 ule
1238 1151 1364 1207 Leuconc
1389 1166 1455 1224 capc

302 1250 334 1297 et
353 1241 388 1297 iis
404 1240 497 1297 rectu.

305 1425 358 1474 ubi
386 1422 546 1488 πολεμῆσαι
575 1436 623 1487 pro
650 1412 822 1486 πολεμήσειν
849 1418 971 1485 legitur).
1015 1416 1065 1469 sol
1091 1410 1123 1470 ἐν
1145 1417 1184 1484 τῷ
1206 1410 1276 1482 πρὸς
1297 1416 1456 1484 Ararim:

307 1499 435 1560 ‘nalstede
454 1500 526 1570 πρὸς
544 1504 660 1563 πολλοῖς
678 1498 723 1563 οἷς
741 1497 864 1570 βλάψειν
881 1492 921 1554 άν
937 1494 1013 1570 ὑμᾶς
1030 1496 1046 1555 ὁ
1064 1496 1151 1569 νόμος
1169 1502 1315 1569 φαίνεται.
1333 1530 1366 1541 -
1388 1501 1456 1569 φαί-

309 1608 394 1645 νεται
412 1592 470 1643 Mul
490 1608 504 1643 e
523 1607 607 1654 coru,
628 1591 691 1641 lori.
709 1605 742 1655 pr
759 1588 909 1655 φαίνηται.
923 1616 954 1627 -
974 1588 1064 1641 ‘Foru
1082 1585 1202 1655 titolum
1217 1581 1294 1653 ὑμᾶς
1311 1592 1456 1655 φανεῖται,

308 1684 342 1729 ut
362 1694 389 1745 p.
407 1679 470 1740 468,
492 1679 539 1729 15:
562 1670 610 1735 αἷς
630 1666 820 1749 ...ἐμμένων
839 1673 996 1740 maesiam!
1022 1675 1202 1728 HWoliiua.
1238 1669 1356 1742 βλάψον
1373 1674 1457 1725 dede-

306 1768 377 1815 runt
399 1762 530 1813 Relakius
554 1767 583 1812 et
605 1762 649 1811 Fr.
669 1761 699 1811 Α.
718 1759 861 1814 Wolfiua.-
888 1758 954 1811 ‘Vel
980 1752 1019 1812 ἂν
1041 1753 1152 1827 βλάψαι
1177 1760 1223 1813 vel
1246 1748 1283 1810 άν
1305 1749 1456 1826 patulum.

308 1848 429 1899 wolfius
451 1840 569 1911 βλάψον
593 1848 745 1912 φανεῖται,
769 1850 845 1897 recte
867 1846 896 1895 in
920 1847 1012 1911 priore
1035 1862 1116 1911 voce,
1139 1862 1194 1897 non
1217 1846 1327 1911 itidem,
1350 1846 1457 1911 opinor,

308 1937 340 1986 in
360 1930 502 1985 secunda!
531 1932 560 1983 M
566 1930 759 1983 erilandus.
796 1931 865 1993 ‘Qui
886 1933 956 1983 satis
981 1937 1010 1983 et
1027 1934 1088 1999 ipse
1106 1932 1211 1999 prodit,
1234 1932 1274 1981 ibi
1291 1932 1321 1981 in
1337 1929 1455 1997 vulgata

309 2020 452 2085 scriptura
474 2016 578 2083 aliquid
597 2016 780 2082 displicuisse.
816 2017 885 2067 Eam
908 2032 974 2069 vero
997 2034 1071 2069 nunc
1088 2018 1194 2069 affirmo
1213 2021 1243 2067 et
1259 2020 1335 2067 recte
1352 2015 1457 2067 habere

310 2110 342 2155 et
359 2106 389 2155 in
407 2120 443 2154 ea
461 2100 644 2155 convellenda
661 2101 765 2151 frustra
782 2101 937 2153 laboratum
955 2116 1025 2153 esee.
1060 2104 1101 2155 Nc
1118 2103 1297 2169 posteriorem
1316 2101 1456 2151 coniectu-

310 2206 372 2241 ram
384 2188 544 2239 Marklandi
564 2201 691 2253 arguam,
710 2200 782 2250 quae
800 2184 918 2238 omnium
936 2188 1046 2238 minime
1063 2187 1171 2254 placet,
1190 2188 1309 2238 luituram
1326 2186 1456 2237 infinitivi

309 2273 351 2340 τῷ
370 2261 410 2325 dv
427 2264 646 2340 άοοισιολογιιιῷ
669 2272 792 2323 iunctum
815 2273 941 2337 prolecto
958 2272 1013 2325 non
1031 2275 1072 2323 ita
1090 2273 1147 2323 rari
1166 2272 1284 2338 exempli
1302 2278 1356 2333 eat,
1380 2276 1411 2321 nt
1426 2271 1456 2322 in

296 2361 447 2411 -aoriatmn
469 2361 576 2409 mutare
602 2372 718 2409 necesse
740 2356 833 2409 tuerit.
876 2358 1058 2425 Participinm
1087 2362 1179 2409 antem
1204 2373 1266 2408 cum
1294 2357 1456 2422 φαίνεσθαι

314 2447 502 2495 constructum
529 2458 562 2495 ex
585 2442 692 2493 solenni
714 2458 765 2494 usu
787 2444 921 2495 sermonis
947 2443 1033 2494 aliam
1059 2444 1146 2495 habet
1168 2448 1346 2510 potestatem,
1373 2458 1456 2507 quam

317 2544 389 2595 quac
409 2529 472 2580 lluic
495 2526 557 2580 loco
576 2530 716 2594 congruit,
740 2528 769 2579 in
792 2544 845 2594 quo
864 2526 926 2579 loco
943 2529 1062 2595 simplex
1078 2530 1155 2581 notio
1172 2529 1252 2580 verbi
1268 2529 1351 2580 videri
1366 2528 1457 2593 requi-

319 2615 395 2665 ritur.
424 2614 517 2679 Longe
536 2612 592 2665 alia
610 2615 682 2663 ratio
702 2616 744 2664 est
762 2629 854 2665 eorum
872 2614 1030 2681 verborum,
1049 2615 1122 2666 nude
1135 2614 1250 2665 Wolfins
1269 2612 1457 2665 emendationi

316 2714 384 2750 suae
403 2698 519 2752 colorem
538 2699 689 2765 quaerebat
711 2715 736 2765 p.
756 2700 818 2762 468,
839 2700 878 2749 15.
914 2700 983 2749 Nam
1002 2700 1138 2764 φαίνεται
1157 2692 1172 2751 ὁ
1191 2691 1277 2765 νόμος
1294 2690 1370 2765 ἡμᾶς
1388 2689 1457 2763 βλά-

313 2792 384 2848 ψειν
402 2789 455 2835 eat:
479 2787 523 2835 lex
540 2786 639 2835 uidetur
661 2784 733 2835 notia
755 2786 871 2835 nocitura
888 2800 958 2846 ease,
986 2790 1084 2836 contra
1103 2782 1240 2850 φαίνεται
1258 2776 1390 2851 βλάπτων
1407 2800 1456 2848 pa·

314 2874 363 2921 lam
381 2878 419 2921 eat
436 2878 462 2921 ei
479 2869 591 2923 omnihus
608 2877 760 2935 compertum
776 2873 855 2936 lepem
872 2886 964 2921 nocere
982 2870 1061 2922 nodia.
1096 2870 1158 2921 Hoc
1175 2869 1322 2921 discrimen
1339 2869 1363 2919 si
1381 2872 1456 2919 tene-

314 2961 373 3020 tur,
390 2956 512 3021 patebit,
532 2970 567 3005 ne
587 2960 661 3005 recte
680 2954 789 3021 quidem
808 2955 864 3005 dici
882 2955 1019 3021 φαίνεται
1037 2948 1051 3007 ὁ
1071 2948 1156 3021 νόμος
1169 2947 1295 3020 βλάψον.
1326 2952 1457 3019 quidquid

314 3041 387 3093 enim
405 3040 486 3091 huius
508 3041 549 3091 rei
569 3040 660 3091 futuro
678 3044 799 3106 ternpore
819 3042 976 3107 continget,
1000 3039 1028 3090 id
1050 3042 1079 3090 in
1101 3056 1234 3106 praesens
1257 3038 1365 3105 quidem
1384 3054 1456 3089 conr·

313 3129 421 3193 perium
440 3139 501 3176 esse
519 3140 574 3175 nou
592 3130 690 3191 potest.
721 3124 885 3178 Φαίνεσθαι
901 3142 962 3176 oum
975 3126 1124 3193 participio
1140 3127 1160 3175 i.
1174 3142 1199 3192 q.
1212 3116 1357 3190 ὀφθῆναι.
1385 3122 1456 3176 Add.

312 3216 369 3263 not.
394 3210 429 3261 ad
452 3226 478 3277 p.
497 3212 560 3273 470,
580 3212 620 3262 15.
662 3208 705 3263 ci.
723 3226 750 3277 p.
768 3212 832 3275 499,
851 3208 890 3263 λ’
905 3206 972 3262 'Fa
991 3211 1023 3261 A.
1041 3210 1196 3261 Woliina.
1237 3209 1313 3260 ‘viu
1331 3207 1455 3274 Append.

314 3296 350 3347 ad
375 3295 515 3361 Aristoph.
543 3292 618 3348 Plnt.
644 3311 670 3362 p.
690 3296 750 3349 497.
797 3296 913 3362 Kriiger.
942 3295 977 3346 ad
1005 3296 1119 3361 Dionys.
1144 3296 1311 3361 Historiogr.
1338 3311 1366 3360 p.
1386 3291 1455 3345 lue?

314 3380 529 3435 Sohueierus.
566 3380 609 3432 Cf.
630 3380 700 3432 Acta
718 3380 867 3432 Societatia
887 3381 984 3432 Graec.
1006 3382 1040 3434 Τ.
1057 3380 1086 3430 11
1107 3382 1210 3446 p.134.
1246 3378 1305 3433 Ind.
1324 3378 1455 3445 Apparet.

313 3470 392 3519 Dem.
410 3480 432 3517 s.
451 3482 476 3517 v.
497 3464 666 3531 calventius.
701 3465 737 3516 At
754 3465 809 3517 vid.
829 3465 945 3517 cundum
964 3464 1144 3517 Schaeierum
1163 3463 1198 3515 ad
1215 3463 1356 3515 Plutarch.
1380 3464 1411 3512 Τ.
1430 3464 1456 3514 V

313 3570 340 3620 p.
358 3552 415 3603 141.
438 3578 469 3587 -
501 3550 581 3601 ‘Mihi
605 3552 674 3602 satis
697 3550 804 3617 placat:
835 3544 911 3611 οῐςό
932 3544 1018 3617 νόμος
1036 3543 1155 3616 βλάψον
1172 3542 1249 3617 ὑμᾶς
1269 3565 1300 3614 φ.
1336 3548 1455 3599 Primum

315 3638 386 3688 enim
414 3638 507 3688 orator
533 3652 587 3687 non
609 3636 718 3688 dubitat
740 3636 774 3687 de
796 3637 890 3689 futura
911 3636 984 3703 legis
1007 3652 1092 3699 noxa,
1120 3636 1170 3688 sed
1196 3650 1244 3702 pro
1271 3638 1348 3685 certo
1369 3632 1456 3684 habat
1484 3673 1489 3683 .

313 3722 405 3773 damni
427 3720 573 3787 plurimum
598 3736 658 3773 eam
681 3721 828 3773 allaturam
846 3736 917 3773 esse.
953 3722 1062 3773 Deinde
1081 3736 1135 3772 non
1152 3720 1294 3787 intelligo,
1317 3734 1366 3770 cnr
1382 3718 1454 3769 male

313 3808 422 3857 dicatur
444 3802 582 3873 φαίνεται
604 3797 620 3857 ὁ
642 3798 727 3874 νόμος
749 3799 868 3872 βλάψον
890 3808 916 3859 h.
936 3824 960 3863 e.
978 3810 1064 3873 pulum
1082 3815 1121 3858 eat
1138 3810 1215 3871 lepem
1233 3808 1372 3859 noctuam
1389 3820 1454 3856 ease.

314 3893 438 3958 Denique
462 3880 498 3943 άν
521 3907 563 3943 om
586 3888 627 3942 1ι.’
658 3884 878 3944 Sohaelerna.
919 3893 1073 3945 Delendum
1096 3892 1173 3944 iubet
1195 3881 1232 3943 οἷν
1250 3890 1371 3942 Cobetus
1388 3891 1455 3942 Var.

313 3981 404 4031 Lecti.
428 3994 453 4045 p.
471 3978 521 4028 26⁷
539 3992 579 4042 aq.
620 3975 663 4027 Ol.
682 3978 832 4031 Hermann.
849 3970 909 4031 ”AN
931 3996 957 4045 p.
978 3981 1036 4031 180.
1075 3978 1190 4030 Delevit
1212 3976 1376 4027 Dindorlius.
1412 3977 1455 4027 De

314 4052 351 4116 ἄν
368 4078 428 4113 cunr
445 4060 581 4113 infinitivo
601 4062 687 4113 laturi
705 4063 762 4115 vid.
781 4062 817 4115 ad
836 4062 1010 4127 Cor.§.14'l.
1045 4062 1184 4113 Frankiua
1197 4062 1313 4125 Quaeat.
1325 4062 1455 4115 Aeschin.

315 4167 341 4217 p.
361 4152 391 4199 10
413 4148 438 4199 h.
458 4147 476 4199 l.
495 4146 647 4213 explicavit
668 4149 686 4202 i.
706 4165 731 4215 q.
756 4142 799 4209 οἷς
818 4140 854 4201 dv
872 4141 886 4201 ὁ
905 4140 994 4215 νόμος
1011 4142 1118 4216 βλάψοι
1135 4139 1226 4213 ὑμᾶς,
1253 4140 1290 4207 ὥς
1308 4146 1454 4213 φαίνεται.

315 4236 351 4286 Au
367 4248 421 4284 non
438 4232 515 4283 dubii
533 4232 597 4298 quid
615 4234 688 4285 inest
706 4236 734 4284 in
751 4234 779 4283 ir.
798 4235 829 4297 l.,
849 4235 898 4285 aori
915 4250 1064 4301 suppressa
1083 4234 1218 4289 conditio.
1242 4249 1353 4298 nempe,
1371 4237 1396 4283 ai
1411 4249 1455 4283 oea

315 4320 443 4384 ιιιβλοριίἰ
465 4320 556 4369 uestris
578 4320 806 4383 repensandam,
830 4322 967 4371 certissime
986 4318 1094 4370 nocebit.
1112 4344 1144 4353 -—
1166 4312 1211 4377 οἷς
1229 4316 1271 4382 βλ.
1289 4310 1337 4383 dp.
1355 4307 1372 4367 d
1390 4308 1453 4384 νάμ.

317 4420 347 4468 φ.
365 4404 424 4454 aine
443 4391 479 4453 άν
497 4404 582 4469 Angl.
601 4403 627 4453 lc.
696 4404 723 4467 4)
743 4398 801 4457 ἔστι
819 4403 859 4459 Ω.
929 4406 955 4466 5)
975 4397 1155 4456 ἐπισκοπεῖτε
1173 4404 1234 4453 sine
1253 4397 1295 4454 ἔτι
1307 4402 1408 4453 vindt.
1419 4402 1453 4453 X.

318 4488 343 4553 6)
361 4479 394 4538 τά
419 4504 461 4538 om
479 4488 539 4538 Fel.
615 4488 640 4551 i)
660 4496 691 4553 ψ.
711 4482 786 4541 αὐτά
809 4490 916 4545 Aldetc.
935 4492 965 4541 F.
985 4497 1003 4544 t.
1022 4508 1044 4541 ι.
1062 4490 1096 4539 Χ.
1119 4488 1171 4553 (a).
1196 4515 1229 4525 -
1259 4479 1334 4540 adad
1358 4504 1400 4538 om
1419 4486 1453 4538 Σ,

319 4572 417 4625 LourS.
436 4572 509 4641 vulg.
530 4600 562 4611 -·
586 4572 638 4628 add
657 4578 672 4624 't
691 4590 752 4627 corr
769 4572 805 4626 li.
874 4578 901 4641 8)
920 4572 955 4627 τά
973 4593 1018 4627 om
1035 4576 1122 4641 Augl.
1141 4574 1166 4629 le.
