3950 5609
454 620 595 667 Anonrm
609 617 826 664 ARGUMENTUM
841 619 873 661 ΙΝ
889 620 937 662 OB.
950 618 1115 663 ADVERSUS
1130 619 1298 663 weelnere.
1407 598 1445 663 ῙῙ

301 794 385 855 των,
408 771 464 837 καὶ
484 774 529 857 τῷ
547 769 734 854 συμφέρειν
754 766 968 852 μετατιθέναι
989 764 1048 845 τὰς
1068 770 1277 851 λειτουργίας
1297 765 1362 834 ἀπὸ
1377 772 1447 834 τῶν

302 871 441 957 ἀπόρων
457 874 504 951 είς
513 873 537 915 ¹²
551 868 631 949 τούς
646 866 823 954 εὐπόρους.
849 878 854 897 “

366 984 395 1040 t.
417 972 512 1041 Ἔστι
534 974 571 1040 δὲ
587 970 624 1038 τό
645 971 708 1057 μὲν
730 966 818 1049 εἶδος
837 976 898 1037 τοῦ
914 971 1019 1055 λόγου
1035 972 1222 1056 δικανικόν,
1240 978 1273 1038 εί
1283 996 1321 1056 γε
1337 975 1446 1057 κρίσις
1460 999 1484 1037 ιο

303 1078 396 1143 ἐστίν
412 1078 482 1143 ἐπὶ1
500 1080 547 1163 τῷ
563 1076 655 1161 νόμῳ
663 1076 687 1157 ,²
703 1071 721 1157 ἡ
739 1072 779 1139 δέ
790 1097 828 1157 γε
844 1072 908 1159 ὕλη
924 1073 1016 1139 πᾶσά
1032 1075 1103 1139 ἐστι
1119 1076 1237 1160 διπλῆ,
1253 1075 1309 1139 καί
1323 1074 1446 1159 ταύτης

300 1177 399 1264 ἡμίν
421 1178 492 1245 ἐστι
513 1176 687 1261 δικανική,
713 1170 733 1260 ἡ
755 1174 792 1241 δὲ
808 1176 1091 1261 συμβουλευτική.
1130 1174 1242 1261 εὕροις
1258 1175 1291 1241 δ’
1307 1174 1350 1241 ἄν
1364 1174 1445 1242 οὐδὲ

300 1286 533 1366 πανηγυρικῆς
560 1280 650 1355 ἰδίας
676 1274 883 1363 ἀμοιροῦντα
909 1275 969 1343 τόν
996 1278 1117 1361 λόγον,
1149 1279 1188 1344 ἐν
1213 1270 1265 1355 οἷς
1291 1283 1446 1362 πειρᾶται

301 1384 503 1468 σεμνύνειν3
517 1382 660 1447 ἕκαστον
674 1384 743 1445 τῶν
759 1375 955 1464 εὐεργετῶν.
981 1380 1038 1444 καὶ
1051 1378 1116 1464 γὰρ
1129 1380 1281 1447 ἐνταῦθα
1293 1374 1446 1464 εὑρήσεις
1461 1404 1484 1443 1⁵

300 1482 376 1562 ἄξια
396 1490 465 1550 τεόν
485 1482 622 1567 ἀνδρῶν
644 1480 791 1567 ἐγκώμια
813 1482 868 1547 καί
884 1480 1007 1563 λόγους
1022 1477 1199 1568 εὐφήμοις4
1219 1480 1446 1568 ἁρμόττοντας

301 1597 372 1664 ταῖς
389 1586 531 1653 ἐκείνων
546 1584 707 1671 πράξεσιν
713 1634 723 1669 ,
739 1575 814 1649 οἷον
829 1581 874 1661 ὥς
888 1582 971 1649 ὅταν
987 1584 1186 1669 ἐμπομπεόῃ
1202 1595 1271 1662 τοῖς
1286 1583 1447 1660 Κόνωνος

300 1690 356 1753 καί
378 1690 531 1771 Χαβρίου
558 1686 797 1772 κατορθώμασι
823 1687 879 1751 καὶ
905 1696 976 1763 τοῖς
994 1686 1208 1771 Ἐπικέρδους
1234 1686 1290 1752 καὶ
1316 1690 1386 1751 τῶν
1407 1687 1445 1751 ἐκ

300 1789 417 1857 Θάσου
433 1792 489 1855 καί
504 1792 680 1873 Κορίνθου
696 1788 752 1854 καὶ
766 1787 956 1866 Λεύκωνος.
976 1786 1078 1854 Ἰτίον
1093 1790 1131 1856 δὲ
1148 1790 1203 1855 ίπλ
1218 1785 1280 1874 τὴν
1294 1792 1446 1873 μεταχείτ
1459 1811 1484 1850 ao

300 1894 411 1977 ρισιν5
426 1897 487 1957 τοῦ
502 1890 618 1974 λόγου.
1413 1907 1417 1915 ’

298 2106 345 2145 cae
359 2088 404 2163 qui
421 2104 533 2145 munera
548 2086 657 2149 obeant,
674 2095 701 2143 et
717 2102 777 2143 esso
794 2104 808 2143 e
825 2086 976 2161 republica,
993 2105 1008 2143 a
1023 2085 1190 2162 pauperibus
1206 2104 1290 2145 onem
1305 2088 1332 2143 in
1347 2086 1445 2143 divites

299 2172 451 2231 transferri.

363 2258 390 2315 7.
414 2260 504 2315 Genus
526 2258 659 2313 orationis
681 2256 806 2313 iudiciale
823 2257 931 2331 quidem
948 2265 1005 2318 est,
1029 2258 1164 2331 siquidem
1184 2257 1217 2313 de
1232 2256 1294 2331 iege
1315 2256 1444 2313 indicium

298 2344 343 2407 dt,
360 2344 405 2401 sed
423 2344 536 2399 materia
552 2342 661 2416 quidem
679 2350 736 2397 tuta
752 2350 795 2397 est
809 2340 922 2415 duplex,
946 2344 1045 2416 partim
1060 2342 1208 2405 iudicialis,
1228 2344 1327 2416 partim
1343 2340 1444 2397 delibe-

298 2431 391 2485 rativa.
436 2428 560 2484 Invenias
581 2428 661 2483 ctiam
683 2426 889 2483 demonstrativi
910 2428 1019 2499 generis
1040 2442 1094 2483 non
1115 2436 1251 2501 expertein
1267 2444 1328 2483 csse
1344 2428 1444 2483 oratio·

298 2530 374 2577 nem,
401 2513 447 2570 uhi
474 2512 613 2585 singulos.
640 2512 687 2586 qui
713 2511 781 2569 bene
805 2512 894 2567 moniti
917 2521 997 2573 sunt,
1022 2528 1121 2568 ornare
1143 2512 1244 2569 studet.
1279 2513 1380 2568 etenim
1399 2512 1445 2567 hic

298 2600 419 2673 reperies
434 2597 527 2655 laudes
543 2597 639 2671 dignas
655 2596 708 2653 illis
725 2594 788 2652 viris
805 2606 832 2651 et
848 2596 926 2653 verim
944 2595 1026 2653 rebus
1041 2595 1149 2653 illorum
1161 2597 1248 2669 gestis
1260 2604 1444 2671 congruenter

297 2692 373 2759 apta,
391 2692 421 2739 ut
437 2700 520 2757 quum
536 2684 562 2738 in
578 2682 697 2739 Cononis
713 2690 740 2738 ot
752 2680 882 2737 Cirainriae
899 2680 979 2737 rebus
996 2684 1128 2754 gestisse
1144 2682 1249 2739 iactitat
1264 2690 1291 2738 et
1303 2682 1443 2757 Epieendis

297 2778 324 2825 et
340 2767 501 2827 Tinasiorum
522 2777 549 2824 et
565 2768 765 2823 Corinthiorum
791 2774 818 2823 et
839 2766 982 2823 Leuconis.
1028 2766 1216 2823 decedendum
1237 2776 1279 2823 est
1299 2776 1389 2824 autem
1410 2766 1442 2823 ad

297 2854 486 2911 tractationem
502 2854 642 2910 orationis.
1086 2852 1103 2888 θ

365 3050 410 3118 12)
429 3046 476 3105 tut
494 3052 591 3103 vinde.

363 3136 391 3196 7.
429 3138 453 3203 1)
479 3138 512 3187 ‘d
533 3130 592 3189 ἐστί
615 3134 699 3201 meni)
731 3134 951 3187 Sehaeierns.
994 3136 1036 3190 Oi.
1056 3140 1155 3190 nom.
1231 3142 1258 3199 2)
1280 3131 1330 3190 τὸν
1352 3130 1441 3203 νόμον

296 3220 370 3287 vulg.
392 3248 422 3259 -
446 3220 484 3289 τῷ
504 3216 581 3289 νόμῳ
598 3239 619 3272 r.
639 3221 736 3271 Vindl.
750 3223 773 3274 i.
793 3220 822 3271 O.
860 3221 904 3273 Cf.
922 3222 995 3274 Plut.
1013 3222 1150 3287 Apophth.
1164 3224 1287 3273 Leones.
1302 3225 1331 3273 11
1351 3240 1378 3287 p.
1390 3226 1439 3272 att

296 3308 338 3356 B:
357 3297 404 3357 ἐπ’
422 3296 583 3372 α’δικήματι
601 3304 639 3371 τῷ
657 3303 741 3358 παιδί
759 3301 916 3372 κρινομένῳ
931 3300 1054 3371 ...ἔφα
1109 3309 1136 3369 3)
1155 3306 1289 3370 πειρᾶται
1308 3300 1442 3372 τεμνόειν

297 3389 357 3439 did.
378 3406 438 3441 cerr
456 3392 485 3439 in
503 3390 591 3443 Atov.
610 3416 641 3426 -
659 3392 805 3441 Parisinus
825 3396 935 3441 nostroe
954 3406 1098 3455 operarum
1117 3391 1199 3456 culpo
1218 3393 1321 3443 excidit
1338 3383 1442 3457 σεμνό-

297 3490 366 3526 νειν.
437 3474 463 3537 t)
483 3464 632 3541 εὐφήμους
650 3475 747 3526 vinds.
818 3474 844 3541 ό)
863 3474 1066 3541 μεταχείριγσιν
1084 3475 1180 3525 vinda.
1200 3476 1258 3526 did.
1278 3476 1336 3529 Fet.
1373 3477 1441 3527 Post

295 3558 348 3609 hoo
375 3558 540 3610 vocobulum
567 3560 596 3609 in
624 3559 667 3610 his
696 3560 801 3611 duabus
828 3560 923 3626 primis
954 3560 1122 3612 editionibus
1145 3561 1269 3626 sequitur
1292 3561 1439 3627 appendix,

295 3642 365 3709 quod
385 3642 499 3695 wolfius
518 3648 571 3697 ete.
590 3648 665 3696 recte
684 3642 809 3697 scholion
828 3644 863 3695 ad
882 3660 921 3695 or.
940 3648 964 3709 5.
985 3649 998 3696 1
1021 3649 1230 3713 separaverunt.
