<?xml version="1.0" encoding="UTF-8"?>
<!DOCTYPE html PUBLIC "-//W3C//DTD XHTML 1.0 Transitional//EN"
    "http://www.w3.org/TR/xhtml1/DTD/xhtml1-transitional.dtd">
<html xmlns="http://www.w3.org/1999/xhtml" xml:lang="en" lang="en">
 <head>
  <title>
</title>
<meta http-equiv="Content-Type" content="text/html;charset=utf-8" />
  <meta name='ocr-system' content='tesseract 3.04.00' />
  <meta name='ocr-capabilities' content='ocr_page ocr_carea ocr_par ocr_line ocrx_word'/>
</head>
<body>
  <div class='ocr_page' id='page_1' title='image "./demosthenisorat08demogoog/demosthenisorat08demogoog_0024.png"; bbox 0 0 3950 5609; ppageno 0'>
   <div class='ocr_carea' id='block_1_1' title="bbox 517 528 1506 592">
    <p class='ocr_par' dir='ltr' id='par_1_1' title="bbox 517 528 1506 592">
     <span class='ocr_line' id='line_1_1' title="bbox 517 528 1506 592; baseline -0.001 -1"><span class='ocrx_word' id='word_1_1' title='bbox 517 528 538 591; x_wconf 84' lang='lat'>4</span> <span class='ocrx_word' id='word_1_2' title='bbox 676 548 796 591; x_wconf 78' lang='lat' dir='ltr'>umarus</span> <span class='ocrx_word' id='word_1_3' title='bbox 811 546 1028 592; x_wconf 79' lang='lat' dir='ltr'>ssununuruu</span> <span class='ocrx_word' id='word_1_4' title='bbox 1043 550 1076 589; x_wconf 88' lang='lat' dir='ltr'>rs</span> <span class='ocrx_word' id='word_1_5' title='bbox 1094 548 1143 591; x_wconf 75' lang='lat' dir='ltr'>om</span> <span class='ocrx_word' id='word_1_6' title='bbox 1159 546 1322 591; x_wconf 78' lang='lat' dir='ltr'>snvunsus</span> <span class='ocrx_word' id='word_1_7' title='bbox 1337 546 1506 590; x_wconf 76' lang='lat' dir='ltr'>ocurrunu.</span> 
     </span>
    </p>
   </div>
   <div class='ocr_carea' id='block_1_2' title="bbox 459 686 1804 1897">
    <p class='ocr_par' dir='ltr' id='par_1_2' title="bbox 459 686 1804 1897">
     <span class='ocr_line' id='line_1_2' title="bbox 517 686 1663 781; baseline -0.003 -20"><span class='ocrx_word' id='word_1_8' title='bbox 517 696 579 781; x_wconf 75' lang='grc' dir='ltr'>μὲν</span> <span class='ocrx_word' id='word_1_9' title='bbox 595 695 707 779; x_wconf 80' lang='grc' dir='ltr'><strong><em>ἄλλοι,</em></strong></span> <span class='ocrx_word' id='word_1_10' title='bbox 723 694 801 780; x_wconf 88' lang='grc' dir='ltr'><strong><em>μεθ’</em></strong></span> <span class='ocrx_word' id='word_1_11' title='bbox 818 686 868 760; x_wconf 79' lang='grc' dir='ltr'>όν</span> <span class='ocrx_word' id='word_1_12' title='bbox 883 696 938 759; x_wconf 81' lang='grc' dir='ltr'>καί</span> <span class='ocrx_word' id='word_1_13' title='bbox 954 696 1147 777; x_wconf 83' lang='grc' dir='ltr'><strong><em>Βοίθιππος,</em></strong></span> <span class='ocrx_word' id='word_1_14' title='bbox 1169 694 1225 759; x_wconf 78' lang='grc' dir='ltr'>καὶ</span> <span class='ocrx_word' id='word_1_15' title='bbox 1245 691 1308 758; x_wconf 81' lang='grc' dir='ltr'>οὐκ</span> <span class='ocrx_word' id='word_1_16' title='bbox 1332 694 1517 776; x_wconf 79' lang='grc' dir='ltr'><strong><em>ἐπεξῆλθεν</em></strong></span> <span class='ocrx_word' id='word_1_17' title='bbox 1537 691 1560 776; x_wconf 74' lang='grc' dir='ltr'><em>ἢ</em></span> <span class='ocrx_word' id='word_1_18' title='bbox 1582 692 1663 777; x_wconf 86' lang='grc' dir='ltr'><strong><em>χρή-</em></strong></span> 
     </span>
     <span class='ocr_line' id='line_1_3' title="bbox 517 794 1664 883; baseline -0.003 -21"><span class='ocrx_word' id='word_1_19' title='bbox 517 822 604 881; x_wconf 91' lang='grc' dir='ltr'><strong><em>ματα</em></strong></span> <span class='ocrx_word' id='word_1_20' title='bbox 630 794 745 880; x_wconf 72' lang='grc' dir='ltr'><strong><em>λαβών</em></strong></span> <span class='ocrx_word' id='word_1_21' title='bbox 765 795 786 881; x_wconf 75' lang='grc' dir='ltr'><strong><em>ἢ</em></strong></span> <span class='ocrx_word' id='word_1_22' title='bbox 808 797 898 883; x_wconf 83' lang='grc' dir='ltr'><strong><em>νόσῳ</em></strong></span> <span class='ocrx_word' id='word_1_23' title='bbox 925 796 1135 880; x_wconf 76' lang='grc' dir='ltr'><strong><em>περιπεσών,</em></strong></span> <span class='ocrx_word' id='word_1_24' title='bbox 1160 800 1228 860; x_wconf 84' lang='grc' dir='ltr'>νῦν</span> <span class='ocrx_word' id='word_1_25' title='bbox 1248 794 1286 861; x_wconf 69' lang='grc' dir='ltr'>δὲ</span> <span class='ocrx_word' id='word_1_26' title='bbox 1308 799 1469 879; x_wconf 81' lang='grc' dir='ltr'><strong><em>Φορμίων</em></strong></span> <span class='ocrx_word' id='word_1_27' title='bbox 1494 794 1551 859; x_wconf 81' lang='grc' dir='ltr'>καλ</span> <span class='ocrx_word' id='word_1_28' title='bbox 1573 795 1664 879; x_wconf 78' lang='grc' dir='ltr'><strong><em>Κτή-</em></strong></span> 
     </span>
     <span class='ocr_line' id='line_1_4' title="bbox 481 887 1665 982; baseline -0.004 -17"><span class='ocrx_word' id='word_1_29' title='bbox 481 928 505 965; x_wconf 89' lang='lat'>10</span> <span class='ocrx_word' id='word_1_30' title='bbox 519 916 641 976; x_wconf 84' lang='grc' dir='ltr'><strong><em>σιππος</em></strong></span> <span class='ocrx_word' id='word_1_31' title='bbox 660 896 678 963; x_wconf 88' lang='grc' dir='ltr'>ὁ</span> <span class='ocrx_word' id='word_1_32' title='bbox 700 901 853 982; x_wconf 79' lang='grc' dir='ltr'><strong><em>Χαβρίου</em></strong></span> <span class='ocrx_word' id='word_1_33' title='bbox 875 910 952 974; x_wconf 82' lang='grc' dir='ltr'><strong><em>παῖς</em></strong></span> <span class='ocrx_word' id='word_1_34' title='bbox 972 901 1032 963; x_wconf 81' lang='grc' dir='ltr'>καί</span> <span class='ocrx_word' id='word_1_35' title='bbox 1049 922 1138 973; x_wconf 88' lang='grc' dir='ltr'><strong><em>τινες</em></strong></span> <span class='ocrx_word' id='word_1_36' title='bbox 1158 894 1231 981; x_wconf 88' lang='grc' dir='ltr'><strong><em>μετ’</em></strong></span> <span class='ocrx_word' id='word_1_37' title='bbox 1247 894 1379 979; x_wconf 79' lang='grc' dir='ltr'><strong><em>αὐτῶν,</em></strong></span> <span class='ocrx_word' id='word_1_38' title='bbox 1404 887 1454 972; x_wconf 84' lang='grc' dir='ltr'>οἷς</span> <span class='ocrx_word' id='word_1_39' title='bbox 1475 896 1665 980; x_wconf 77' lang='grc' dir='ltr'><em>συνήγορος</em></span> 
     </span>
     <span class='ocr_line' id='line_1_5' title="bbox 518 989 1664 1085; baseline -0.003 -20"><span class='ocrx_word' id='word_1_40' title='bbox 518 1000 773 1085; x_wconf 66' lang='grc' dir='ltr'>Λημοσθένηςη</span> <span class='ocrx_word' id='word_1_41' title='bbox 795 1002 934 1082; x_wconf 75' lang='grc' dir='ltr'><strong><em>γίνεται.</em></strong></span> <span class='ocrx_word' id='word_1_42' title='bbox 974 1001 1024 1084; x_wconf 80' lang='grc'>(2)</span> <span class='ocrx_word' id='word_1_43' title='bbox 1040 996 1077 1062; x_wconf 91' lang='grc' dir='ltr'><em>Ὁ</em></span> <span class='ocrx_word' id='word_1_44' title='bbox 1092 998 1155 1082; x_wconf 71' lang='grc' dir='ltr'>μὲν</span> <span class='ocrx_word' id='word_1_45' title='bbox 1170 989 1235 1063; x_wconf 77' lang='grc' dir='ltr'>οὖν</span> <span class='ocrx_word' id='word_1_46' title='bbox 1250 1002 1417 1082; x_wconf 79' lang='grc' dir='ltr'><strong><em>Λεπτίνης</em></strong></span> <span class='ocrx_word' id='word_1_47' title='bbox 1432 998 1536 1062; x_wconf 76' lang='grc' dir='ltr'><strong><em>πλέον</em></strong></span> <span class='ocrx_word' id='word_1_48' title='bbox 1556 998 1664 1081; x_wconf 85' lang='grc' dir='ltr'><strong><em>ίσχόει</em></strong></span> 
     </span>
     <span class='ocr_line' id='line_1_6' title="bbox 459 1097 1665 1187; baseline -0.002 -20"><span class='ocrx_word' id='word_1_49' title='bbox 459 1108 563 1187; x_wconf 66' lang='lat'>452193</span> <span class='ocrx_word' id='word_1_50' title='bbox 585 1102 793 1187; x_wconf 82' lang='grc' dir='ltr'><strong><em>συμφέροντι</em></strong></span> <span class='ocrx_word' id='word_1_51' title='bbox 816 1098 892 1187; x_wconf 76' lang='grc' dir='ltr'>(τὴν</span> <span class='ocrx_word' id='word_1_52' title='bbox 912 1098 977 1185; x_wconf 80' lang='grc' dir='ltr'>γὰρ</span> <span class='ocrx_word' id='word_1_53' title='bbox 998 1104 1115 1184; x_wconf 83' lang='grc' dir='ltr'><strong><em>χρείαν</em></strong></span> <span class='ocrx_word' id='word_1_54' title='bbox 1136 1102 1363 1186; x_wconf 82' lang='grc' dir='ltr'><strong><em>προΐσχεται),</em></strong></span> <span class='ocrx_word' id='word_1_55' title='bbox 1385 1097 1403 1164; x_wconf 88' lang='grc' dir='ltr'><strong><em>ό</em></strong></span> <span class='ocrx_word' id='word_1_56' title='bbox 1425 1100 1463 1165; x_wconf 75' lang='grc' dir='ltr'>δὲ</span> <span class='ocrx_word' id='word_1_57' title='bbox 1483 1100 1665 1183; x_wconf 81' lang='grc' dir='ltr'><strong><em>Δημοσθέ-</em></strong></span> 
     </span>
     <span class='ocr_line' id='line_1_7' title="bbox 517 1199 1663 1289; baseline -0.003 -21"><span class='ocrx_word' id='word_1_58' title='bbox 517 1228 578 1287; x_wconf 85' lang='grc' dir='ltr'>νης</span> <span class='ocrx_word' id='word_1_59' title='bbox 597 1208 643 1289; x_wconf 76' lang='grc' dir='ltr'>τῷ</span> <span class='ocrx_word' id='word_1_60' title='bbox 663 1226 699 1267; x_wconf 86' lang='grc' dir='ltr'>τε</span> <span class='ocrx_word' id='word_1_61' title='bbox 720 1201 846 1287; x_wconf 79' lang='grc' dir='ltr'><strong><em>ἐνδόξῳ</em></strong></span> <span class='ocrx_word' id='word_1_62' title='bbox 868 1202 924 1267; x_wconf 80' lang='grc' dir='ltr'>καί</span> <span class='ocrx_word' id='word_1_63' title='bbox 943 1206 989 1289; x_wconf 80' lang='grc' dir='ltr'>τῷ</span> <span class='ocrx_word' id='word_1_64' title='bbox 1011 1203 1156 1288; x_wconf 80' lang='grc' dir='ltr'>δικαίῳ.1</span> <span class='ocrx_word' id='word_1_65' title='bbox 1190 1207 1237 1288; x_wconf 78' lang='grc' dir='ltr'>τῷ</span> <span class='ocrx_word' id='word_1_66' title='bbox 1262 1203 1382 1287; x_wconf 83' lang='grc' dir='ltr'><strong><em>δικαίῳ</em></strong></span> <span class='ocrx_word' id='word_1_67' title='bbox 1406 1202 1507 1285; x_wconf 79' lang='grc' dir='ltr'>με’ν,2</span> <span class='ocrx_word' id='word_1_68' title='bbox 1533 1199 1584 1265; x_wconf 87' lang='grc' dir='ltr'>ότι</span> <span class='ocrx_word' id='word_1_69' title='bbox 1610 1202 1663 1265; x_wconf 87' lang='grc' dir='ltr'>δί-</span> 
     </span>
     <span class='ocr_line' id='line_1_8' title="bbox 518 1295 1666 1389; baseline -0.003 -19"><span class='ocrx_word' id='word_1_70' title='bbox 518 1305 615 1371; x_wconf 84' lang='grc' dir='ltr'><strong><em>καιόν</em></strong></span> <span class='ocrx_word' id='word_1_71' title='bbox 644 1305 715 1370; x_wconf 82' lang='grc' dir='ltr'><strong><em>ἐστι</em></strong></span> <span class='ocrx_word' id='word_1_72' title='bbox 741 1302 822 1380; x_wconf 85' lang='grc' dir='ltr'>τούς</span> <span class='ocrx_word' id='word_1_73' title='bbox 843 1295 882 1367; x_wconf 79' lang='grc' dir='ltr'>εὖ</span> <span class='ocrx_word' id='word_1_74' title='bbox 911 1304 1116 1389; x_wconf 82' lang='grc' dir='ltr'><strong><em>ποιήσαντας</em></strong></span> <span class='ocrx_word' id='word_1_75' title='bbox 1145 1301 1476 1369; x_wconf 75' lang='grc' dir='ltr'>ἀντευιιεπουθέναι3</span> <span class='ocrx_word' id='word_1_76' title='bbox 1502 1304 1560 1367; x_wconf 81' lang='grc' dir='ltr'>καί</span> <span class='ocrx_word' id='word_1_77' title='bbox 1585 1300 1666 1379; x_wconf 80' lang='grc' dir='ltr'>τούς</span> 
     </span>
     <span class='ocr_line' id='line_1_9' title="bbox 498 1402 1665 1491; baseline -0.002 -20"><span class='ocrx_word' id='word_1_78' title='bbox 498 1404 631 1491; x_wconf 78' lang='grc' dir='ltr'><strong><em>’ὀρθῶς</em></strong></span> <span class='ocrx_word' id='word_1_79' title='bbox 651 1404 910 1489; x_wconf 68' lang='grc' dir='ltr'>ἀναλαβόντας4</span> <span class='ocrx_word' id='word_1_80' title='bbox 938 1411 1008 1470; x_wconf 75' lang='grc' dir='ltr'>τῶν</span> <span class='ocrx_word' id='word_1_81' title='bbox 1030 1407 1203 1470; x_wconf 74' lang='grc' dir='ltr'><strong><em>δοθέντων</em></strong></span> <span class='ocrx_word' id='word_1_82' title='bbox 1222 1402 1267 1489; x_wconf 75' lang='grc' dir='ltr'>μὴ</span> <span class='ocrx_word' id='word_1_83' title='bbox 1290 1402 1529 1488; x_wconf 78' lang='grc' dir='ltr'><strong><em>ἀφαιρεῖσθαι,</em></strong></span> <span class='ocrx_word' id='word_1_84' title='bbox 1556 1409 1603 1490; x_wconf 75' lang='grc' dir='ltr'>τῷ</span> <span class='ocrx_word' id='word_1_85' title='bbox 1626 1404 1665 1469; x_wconf 74' lang='grc' dir='ltr'>δὲ</span> 
     </span>
     <span class='ocr_line' id='line_1_10' title="bbox 490 1503 1665 1593; baseline 0.001 -24"><span class='ocrx_word' id='word_1_86' title='bbox 490 1507 660 1593; x_wconf 66' lang='lat' dir='ltr'>studeto,</span> <span class='ocrx_word' id='word_1_87' title='bbox 689 1506 775 1572; x_wconf 94' lang='grc' dir='ltr'><strong><em>διότι</em></strong></span> <span class='ocrx_word' id='word_1_88' title='bbox 800 1506 883 1590; x_wconf 87' lang='grc' dir='ltr'><strong><em>τόχα</em></strong></span> <span class='ocrx_word' id='word_1_89' title='bbox 906 1507 968 1591; x_wconf 74' lang='grc' dir='ltr'>μὲν</span> <span class='ocrx_word' id='word_1_90' title='bbox 990 1508 1047 1572; x_wconf 83' lang='grc' dir='ltr'>καὶ</span> <span class='ocrx_word' id='word_1_91' title='bbox 1068 1506 1182 1582; x_wconf 80' lang='grc' dir='ltr'><strong><em>ἄλλοις</em></strong></span> <span class='ocrx_word' id='word_1_92' title='bbox 1202 1507 1372 1590; x_wconf 81' lang='grc' dir='ltr'>αίσχρόν,5</span> <span class='ocrx_word' id='word_1_93' title='bbox 1397 1503 1437 1571; x_wconf 70' lang='grc' dir='ltr'>δι’6</span> <span class='ocrx_word' id='word_1_94' title='bbox 1463 1506 1665 1588; x_wconf 85' lang='grc' dir='ltr'><strong><em>δεδεόκασιν,</em></strong></span> 
     </span>
     <span class='ocr_line' id='line_1_11' title="bbox 517 1599 1804 1707; baseline -0.002 -34"><span class='ocrx_word' id='word_1_95' title='bbox 517 1608 755 1693; x_wconf 77' lang='grc' dir='ltr'><strong><em>ἀφαιρεῖσθαι,</em></strong></span> <span class='ocrx_word' id='word_1_96' title='bbox 768 1606 958 1693; x_wconf 88' lang='grc' dir='ltr'><strong><em>Ἀθηναίοις</em></strong></span> <span class='ocrx_word' id='word_1_97' title='bbox 973 1609 1011 1674; x_wconf 77' lang='grc' dir='ltr'>δὲ</span> <span class='ocrx_word' id='word_1_98' title='bbox 1026 1605 1089 1692; x_wconf 78' lang='grc' dir='ltr'>οὐχ</span> <span class='ocrx_word' id='word_1_99' title='bbox 1103 1606 1240 1692; x_wconf 77' lang='grc' dir='ltr'><strong><em>ἥκιστα,</em></strong></span> <span class='ocrx_word' id='word_1_100' title='bbox 1262 1599 1313 1684; x_wconf 88' lang='grc' dir='ltr'>οἷς</span> <span class='ocrx_word' id='word_1_101' title='bbox 1327 1605 1401 1672; x_wconf 82' lang='grc' dir='ltr'><strong><em>ἄντ’</em></strong></span> <span class='ocrx_word' id='word_1_102' title='bbox 1416 1606 1524 1672; x_wconf 81' lang='grc' dir='ltr'><strong><em>ἄλλου</em></strong></span> <span class='ocrx_word' id='word_1_103' title='bbox 1538 1610 1665 1690; x_wconf 82' lang='grc' dir='ltr'><strong><em>γνωρί-</em></strong></span> <span class='ocrx_word' id='word_1_104' title='bbox 1803 1686 1804 1707; x_wconf 26' lang='grc' dir='ltr'><strong><em>ρ</em></strong></span> 
     </span>
     <span class='ocr_line' id='line_1_12' title="bbox 518 1708 1804 1796; baseline -0.003 -19"><span class='ocrx_word' id='word_1_105' title='bbox 518 1730 641 1796; x_wconf 83' lang='grc' dir='ltr'><strong><em>σματος</em></strong></span> <span class='ocrx_word' id='word_1_106' title='bbox 655 1708 692 1775; x_wconf 91' lang='grc' dir='ltr'>τδ</span> <span class='ocrx_word' id='word_1_107' title='bbox 709 1710 946 1795; x_wconf 82' lang='grc' dir='ltr'><strong><em>μεγαλόψυχον</em></strong></span> <span class='ocrx_word' id='word_1_108' title='bbox 961 1722 1134 1794; x_wconf 84' lang='grc' dir='ltr'><strong><em>προςεῖναι</em></strong></span> <span class='ocrx_word' id='word_1_109' title='bbox 1149 1711 1267 1774; x_wconf 79' lang='grc' dir='ltr'>δοκεῖ.7</span> <span class='ocrx_word' id='word_1_110' title='bbox 1304 1708 1526 1775; x_wconf 86' lang='grc' dir='ltr'><strong><em>Ἐπιδεικυόει</em></strong></span> <span class='ocrx_word' id='word_1_111' title='bbox 1542 1710 1596 1791; x_wconf 77' lang='grc' dir='ltr'>δὲ,</span> <span class='ocrx_word' id='word_1_112' title='bbox 1612 1708 1666 1774; x_wconf 87' lang='grc' dir='ltr'>ότι</span> <span class='ocrx_word' id='word_1_113' title='bbox 1803 1708 1804 1773; x_wconf 81' lang='lat' dir='ltr'>l</span> 
     </span>
     <span class='ocr_line' id='line_1_13' title="bbox 518 1808 1666 1897; baseline -0.003 -19"><span class='ocrx_word' id='word_1_114' title='bbox 518 1814 573 1879; x_wconf 83' lang='grc' dir='ltr'>καὶ</span> <span class='ocrx_word' id='word_1_115' title='bbox 595 1812 798 1897; x_wconf 81' lang='grc' dir='ltr'><strong><em>παρανόμως</em></strong></span> <span class='ocrx_word' id='word_1_116' title='bbox 820 1811 989 1896; x_wconf 81' lang='grc' dir='ltr'><strong><em>είςήνεχκε</em></strong></span> <span class='ocrx_word' id='word_1_117' title='bbox 1014 1808 1076 1876; x_wconf 89' lang='grc' dir='ltr'>τόν</span> <span class='ocrx_word' id='word_1_118' title='bbox 1101 1811 1218 1895; x_wconf 89' lang='grc' dir='ltr'><strong><em>νόμον.</em></strong></span> <span class='ocrx_word' id='word_1_119' title='bbox 1259 1813 1348 1893; x_wconf 82' lang='grc' dir='ltr'><strong><em>λέχει</em></strong></span> <span class='ocrx_word' id='word_1_120' title='bbox 1372 1808 1456 1895; x_wconf 78' lang='grc' dir='ltr'>χιὶρ8</span> <span class='ocrx_word' id='word_1_121' title='bbox 1477 1810 1584 1895; x_wconf 90' lang='grc' dir='ltr'><strong><em>νόμον</em></strong></span> <span class='ocrx_word' id='word_1_122' title='bbox 1604 1808 1666 1875; x_wconf 88' lang='grc' dir='ltr'>τόν</span> 
     </span>
    </p>
   </div>
   <div class='ocr_carea' id='block_1_3' title="bbox 516 2005 1664 2760">
    <p class='ocr_par' dir='ltr' id='par_1_3' title="bbox 516 2005 1664 2760">
     <span class='ocr_line' id='line_1_14' title="bbox 519 2005 1664 2082; baseline 0 -19"><span class='ocrx_word' id='word_1_123' title='bbox 519 2009 645 2082; x_wconf 87' lang='lat' dir='ltr'>thippus‚</span> <span class='ocrx_word' id='word_1_124' title='bbox 668 2008 715 2081; x_wconf 91' lang='lat' dir='ltr'>qui</span> <span class='ocrx_word' id='word_1_125' title='bbox 736 2006 769 2061; x_wconf 87' lang='lat' dir='ltr'>ab</span> <span class='ocrx_word' id='word_1_126' title='bbox 785 2008 891 2063; x_wconf 86' lang='lat' dir='ltr'>actione</span> <span class='ocrx_word' id='word_1_127' title='bbox 912 2006 1018 2063; x_wconf 72' lang='lat' dir='ltr'>destitit</span> <span class='ocrx_word' id='word_1_128' title='bbox 1038 2007 1095 2060; x_wconf 86' lang='lat' dir='ltr'>sire</span> <span class='ocrx_word' id='word_1_129' title='bbox 1114 2005 1306 2078; x_wconf 81' lang='lat' dir='ltr'>largitionibus</span> <span class='ocrx_word' id='word_1_130' title='bbox 1327 2014 1474 2079; x_wconf 92' lang='lat' dir='ltr'>corruptus</span> <span class='ocrx_word' id='word_1_131' title='bbox 1495 2008 1552 2062; x_wconf 89' lang='lat' dir='ltr'>sive</span> <span class='ocrx_word' id='word_1_132' title='bbox 1567 2007 1664 2063; x_wconf 89' lang='lat' dir='ltr'>ruorho</span> 
     </span>
     <span class='ocr_line' id='line_1_15' title="bbox 516 2090 1663 2167; baseline -0.001 -20"><span class='ocrx_word' id='word_1_133' title='bbox 516 2091 690 2167; x_wconf 88' lang='lat' dir='ltr'>impeditus).</span> <span class='ocrx_word' id='word_1_134' title='bbox 721 2108 794 2148; x_wconf 91' lang='lat' dir='ltr'>nuuc</span> <span class='ocrx_word' id='word_1_135' title='bbox 823 2100 913 2147; x_wconf 88' lang='lat' dir='ltr'>autem</span> <span class='ocrx_word' id='word_1_136' title='bbox 939 2090 1068 2147; x_wconf 84' lang='lat' dir='ltr'>Phormio</span> <span class='ocrx_word' id='word_1_137' title='bbox 1097 2100 1125 2146; x_wconf 93' lang='lat' dir='ltr'>et</span> <span class='ocrx_word' id='word_1_138' title='bbox 1146 2090 1290 2165; x_wconf 84' lang='lat' dir='ltr'>Ctesippus</span> <span class='ocrx_word' id='word_1_139' title='bbox 1317 2090 1447 2146; x_wconf 80' lang='lat' dir='ltr'>Chabriae</span> <span class='ocrx_word' id='word_1_140' title='bbox 1468 2090 1540 2146; x_wconf 84' lang='lat' dir='ltr'>filius</span> <span class='ocrx_word' id='word_1_141' title='bbox 1568 2100 1595 2147; x_wconf 92' lang='lat' dir='ltr'>ct</span> <span class='ocrx_word' id='word_1_142' title='bbox 1617 2092 1663 2148; x_wconf 88' lang='lat' dir='ltr'>alii</span> 
     </span>
     <span class='ocr_line' id='line_1_16' title="bbox 517 2170 1664 2251; baseline -0.002 -19"><span class='ocrx_word' id='word_1_143' title='bbox 517 2178 625 2251; x_wconf 84' lang='lat' dir='ltr'>quidum</span> <span class='ocrx_word' id='word_1_144' title='bbox 647 2194 709 2233; x_wconf 94' lang='lat' dir='ltr'>cum</span> <span class='ocrx_word' id='word_1_145' title='bbox 729 2178 809 2251; x_wconf 83' lang='lat' dir='ltr'>ipsis,</span> <span class='ocrx_word' id='word_1_146' title='bbox 838 2176 937 2250; x_wconf 86' lang='lat' dir='ltr'>quibus</span> <span class='ocrx_word' id='word_1_147' title='bbox 959 2175 1152 2231; x_wconf 84' lang='lat' dir='ltr'>Demosthenes</span> <span class='ocrx_word' id='word_1_148' title='bbox 1174 2170 1370 2249; x_wconf 85' lang='lat' dir='ltr'>patrocinatur.</span> <span class='ocrx_word' id='word_1_149' title='bbox 1415 2175 1456 2247; x_wconf 76' lang='lat'>(2)</span> <span class='ocrx_word' id='word_1_150' title='bbox 1476 2178 1515 2231; x_wconf 80' lang='lat' dir='ltr'>Ac</span> <span class='ocrx_word' id='word_1_151' title='bbox 1536 2176 1664 2250; x_wconf 84' lang='lat' dir='ltr'>Leptines</span> 
     </span>
     <span class='ocr_line' id='line_1_17' title="bbox 517 2259 1663 2335; baseline 0 -17"><span class='ocrx_word' id='word_1_152' title='bbox 517 2263 643 2318; x_wconf 82' lang='lat' dir='ltr'>utilitatis</span> <span class='ocrx_word' id='word_1_153' title='bbox 658 2262 720 2318; x_wconf 90' lang='lat' dir='ltr'>loco</span> <span class='ocrx_word' id='word_1_154' title='bbox 737 2261 872 2335; x_wconf 78' lang='lat' dir='ltr'>praevalet</span> <span class='ocrx_word' id='word_1_155' title='bbox 888 2260 1053 2335; x_wconf 82' lang='lat' dir='ltr'>(praetendit</span> <span class='ocrx_word' id='word_1_156' title='bbox 1067 2262 1138 2316; x_wconf 87' lang='lat' dir='ltr'>enirn</span> <span class='ocrx_word' id='word_1_157' title='bbox 1154 2259 1371 2331; x_wconf 88' lang='lat' dir='ltr'>necessitatem),</span> <span class='ocrx_word' id='word_1_158' title='bbox 1387 2260 1583 2317; x_wconf 81' lang='lat' dir='ltr'>Demosthenes</span> <span class='ocrx_word' id='word_1_159' title='bbox 1599 2280 1663 2318; x_wconf 89' lang='lat' dir='ltr'>vcro</span> 
     </span>
     <span class='ocr_line' id='line_1_18' title="bbox 517 2344 1664 2421; baseline 0 -20"><span class='ocrx_word' id='word_1_160' title='bbox 517 2349 613 2403; x_wconf 89' lang='lat' dir='ltr'>nititur</span> <span class='ocrx_word' id='word_1_161' title='bbox 635 2346 758 2421; x_wconf 82' lang='lat' dir='ltr'>glorioso</span> <span class='ocrx_word' id='word_1_162' title='bbox 781 2354 808 2402; x_wconf 89' lang='lat' dir='ltr'>et</span> <span class='ocrx_word' id='word_1_163' title='bbox 829 2348 912 2402; x_wconf 86' lang='lat' dir='ltr'>iusto.</span> <span class='ocrx_word' id='word_1_164' title='bbox 934 2348 1008 2401; x_wconf 90' lang='lat' dir='ltr'>iusto</span> <span class='ocrx_word' id='word_1_165' title='bbox 1029 2346 1153 2419; x_wconf 86' lang='lat' dir='ltr'>quidem,</span> <span class='ocrx_word' id='word_1_166' title='bbox 1175 2345 1247 2419; x_wconf 85' lang='lat' dir='ltr'>quod</span> <span class='ocrx_word' id='word_1_167' title='bbox 1271 2362 1387 2419; x_wconf 84' lang='lat' dir='ltr'>aequum</span> <span class='ocrx_word' id='word_1_168' title='bbox 1409 2346 1446 2400; x_wconf 90' lang='lat' dir='ltr'>sit</span> <span class='ocrx_word' id='word_1_169' title='bbox 1466 2344 1537 2401; x_wconf 92' lang='lat' dir='ltr'>bene</span> <span class='ocrx_word' id='word_1_170' title='bbox 1557 2348 1664 2402; x_wconf 87' lang='lat' dir='ltr'>meritis</span> 
     </span>
     <span class='ocr_line' id='line_1_19' title="bbox 516 2427 1664 2503; baseline -0.002 -17"><span class='ocrx_word' id='word_1_171' title='bbox 516 2427 618 2487; x_wconf 88' lang='lat' dir='ltr'>r&#39;olerre</span> <span class='ocrx_word' id='word_1_172' title='bbox 634 2433 764 2503; x_wconf 77' lang='lat' dir='ltr'>gratiam,</span> <span class='ocrx_word' id='word_1_173' title='bbox 786 2440 814 2487; x_wconf 93' lang='lat' dir='ltr'>et</span> <span class='ocrx_word' id='word_1_174' title='bbox 830 2448 890 2492; x_wconf 89' lang='lat' dir='ltr'>eos,</span> <span class='ocrx_word' id='word_1_175' title='bbox 912 2432 958 2503; x_wconf 88' lang='lat' dir='ltr'>qui</span> <span class='ocrx_word' id='word_1_176' title='bbox 979 2439 1053 2486; x_wconf 89' lang='lat' dir='ltr'>recte</span> <span class='ocrx_word' id='word_1_177' title='bbox 1074 2430 1175 2503; x_wconf 85' lang='lat' dir='ltr'>aliquid</span> <span class='ocrx_word' id='word_1_178' title='bbox 1196 2430 1363 2503; x_wconf 89' lang='lat' dir='ltr'>receperint,</span> <span class='ocrx_word' id='word_1_179' title='bbox 1385 2446 1439 2486; x_wconf 93' lang='lat' dir='ltr'>non</span> <span class='ocrx_word' id='word_1_180' title='bbox 1457 2430 1569 2503; x_wconf 88' lang='lat' dir='ltr'>spoliari</span> <span class='ocrx_word' id='word_1_181' title='bbox 1584 2432 1664 2487; x_wconf 83' lang='lat' dir='ltr'>datis.</span> 
     </span>
     <span class='ocr_line' id='line_1_20' title="bbox 516 2515 1662 2590; baseline 0.002 -19"><span class='ocrx_word' id='word_1_182' title='bbox 516 2518 639 2589; x_wconf 77' lang='lat' dir='ltr'>glorioso</span> <span class='ocrx_word' id='word_1_183' title='bbox 655 2524 760 2579; x_wconf 84' lang='lat' dir='ltr'>nutem.</span> <span class='ocrx_word' id='word_1_184' title='bbox 786 2516 859 2590; x_wconf 92' lang='lat' dir='ltr'>quod</span> <span class='ocrx_word' id='word_1_185' title='bbox 876 2532 960 2589; x_wconf 93' lang='lat' dir='ltr'>quum</span> <span class='ocrx_word' id='word_1_186' title='bbox 981 2515 1050 2570; x_wconf 88' lang='lat' dir='ltr'>alios</span> <span class='ocrx_word' id='word_1_187' title='bbox 1070 2515 1198 2571; x_wconf 85' lang='lat' dir='ltr'>dedeceat</span> <span class='ocrx_word' id='word_1_188' title='bbox 1219 2532 1267 2577; x_wconf 89' lang='lat' dir='ltr'>ea,</span> <span class='ocrx_word' id='word_1_189' title='bbox 1294 2532 1363 2589; x_wconf 83' lang='lat' dir='ltr'>quae</span> <span class='ocrx_word' id='word_1_190' title='bbox 1383 2515 1521 2578; x_wconf 86' lang='lat' dir='ltr'>dederint,</span> <span class='ocrx_word' id='word_1_191' title='bbox 1547 2518 1662 2590; x_wconf 86' lang='lat' dir='ltr'>eripere.</span> 
     </span>
     <span class='ocr_line' id='line_1_21' title="bbox 518 2600 1664 2674; baseline 0.001 -18"><span class='ocrx_word' id='word_1_192' title='bbox 518 2611 574 2657; x_wconf 93' lang='lat' dir='ltr'>tum</span> <span class='ocrx_word' id='word_1_193' title='bbox 591 2618 654 2657; x_wconf 88' lang='lat' dir='ltr'>vero</span> <span class='ocrx_word' id='word_1_194' title='bbox 669 2601 849 2657; x_wconf 75' lang='lat' dir='ltr'>Athenienses</span> <span class='ocrx_word' id='word_1_195' title='bbox 872 2602 898 2655; x_wconf 92' lang='lat' dir='ltr'>iu</span> <span class='ocrx_word' id='word_1_196' title='bbox 914 2601 1023 2674; x_wconf 85' lang='lat' dir='ltr'>primis,</span> <span class='ocrx_word' id='word_1_197' title='bbox 1045 2602 1091 2673; x_wconf 88' lang='lat' dir='ltr'>qui</span> <span class='ocrx_word' id='word_1_198' title='bbox 1109 2600 1297 2673; x_wconf 80' lang='lat' dir='ltr'>magnitudine</span> <span class='ocrx_word' id='word_1_199' title='bbox 1312 2601 1393 2656; x_wconf 81' lang='lat' dir='ltr'>strimi</span> <span class='ocrx_word' id='word_1_200' title='bbox 1409 2600 1540 2656; x_wconf 79' lang='lat' dir='ltr'>excellere</span> <span class='ocrx_word' id='word_1_201' title='bbox 1557 2602 1664 2657; x_wconf 82' lang='lat' dir='ltr'>ridean-</span> 
     </span>
     <span class='ocr_line' id='line_1_22' title="bbox 517 2684 1662 2760; baseline 0.001 -19"><span class='ocrx_word' id='word_1_202' title='bbox 517 2695 562 2741; x_wconf 90' lang='lat' dir='ltr'>tur</span> <span class='ocrx_word' id='word_1_203' title='bbox 577 2686 707 2760; x_wconf 85' lang='lat' dir='ltr'>peculiari</span> <span class='ocrx_word' id='word_1_204' title='bbox 724 2686 837 2759; x_wconf 82' lang='lat' dir='ltr'>quudam</span> <span class='ocrx_word' id='word_1_205' title='bbox 853 2687 961 2741; x_wconf 88' lang='lat' dir='ltr'>virtute.</span> <span class='ocrx_word' id='word_1_206' title='bbox 999 2684 1143 2741; x_wconf 78' lang='lat' dir='ltr'>Praeterea</span> <span class='ocrx_word' id='word_1_207' title='bbox 1158 2684 1292 2747; x_wconf 87' lang='lat' dir='ltr'>ostendit,</span> <span class='ocrx_word' id='word_1_208' title='bbox 1312 2685 1455 2759; x_wconf 81' lang='lat' dir='ltr'>leptiuem</span> <span class='ocrx_word' id='word_1_209' title='bbox 1471 2687 1551 2743; x_wconf 84' lang='lat' dir='ltr'>ctiam</span> <span class='ocrx_word' id='word_1_210' title='bbox 1568 2696 1662 2742; x_wconf 87' lang='lat' dir='ltr'>contra</span> 
     </span>
    </p>
   </div>
   <div class='ocr_carea' id='block_1_4' title="bbox 514 2876 1661 4627">
    <p class='ocr_par' dir='ltr' id='par_1_4' title="bbox 516 2876 1661 3291">
     <span class='ocr_line' id='line_1_23' title="bbox 585 2876 1660 2952; baseline 0.002 -15"><span class='ocrx_word' id='word_1_211' title='bbox 585 2886 628 2952; x_wconf 80' lang='lat'>12)</span> <span class='ocrx_word' id='word_1_212' title='bbox 646 2884 764 2940; x_wconf 78' lang='grc' dir='ltr'><strong><em>δοῦναι.</em></strong></span> <span class='ocrx_word' id='word_1_213' title='bbox 784 2876 948 2951; x_wconf 73' lang='grc' dir='ltr'><strong><em>ἐγράψαντο</em></strong></span> <span class='ocrx_word' id='word_1_214' title='bbox 960 2882 1062 2936; x_wconf 78' lang='grc' dir='ltr'><strong><em>τοῦτον</em></strong></span> <span class='ocrx_word' id='word_1_215' title='bbox 1077 2876 1127 2936; x_wconf 84' lang='grc' dir='ltr'>τὸν</span> <span class='ocrx_word' id='word_1_216' title='bbox 1139 2877 1228 2950; x_wconf 82' lang='grc' dir='ltr'><strong><em>νόμον</em></strong></span> <span class='ocrx_word' id='word_1_217' title='bbox 1241 2883 1496 2952; x_wconf 62' lang='lat' dir='ltr'>supplantatus.</span> <span class='ocrx_word' id='word_1_218' title='bbox 1510 2877 1525 2938; x_wconf 85' lang='grc' dir='ltr'>ὁ</span> <span class='ocrx_word' id='word_1_219' title='bbox 1538 2886 1568 2936; x_wconf 84' lang='grc' dir='ltr'><em>Χ</em></span> <span class='ocrx_word' id='word_1_220' title='bbox 1567 2928 1572 2939; x_wconf 95' lang='grc'>.</span> <span class='ocrx_word' id='word_1_221' title='bbox 1582 2890 1660 2947; x_wconf 82' lang='grc' dir='ltr'><strong><em>παῖς,</em></strong></span> 
     </span>
     <span class='ocr_line' id='line_1_24' title="bbox 516 2962 1661 3037; baseline 0 -16"><span class='ocrx_word' id='word_1_222' title='bbox 516 2964 561 3029; x_wconf 81' lang='grc' dir='ltr'>οἷς</span> <span class='ocrx_word' id='word_1_223' title='bbox 574 2962 662 3021; x_wconf 86' lang='grc' dir='ltr'><strong><em>συν.ὁ</em></strong></span> <span class='ocrx_word' id='word_1_224' title='bbox 677 2972 751 3037; x_wconf 67' lang='lat' dir='ltr'>App.</span> <span class='ocrx_word' id='word_1_225' title='bbox 765 2970 873 3019; x_wconf 86' lang='lat' dir='ltr'>omissis</span> <span class='ocrx_word' id='word_1_226' title='bbox 886 2970 1001 3035; x_wconf 89' lang='lat' dir='ltr'>reliquis</span> <span class='ocrx_word' id='word_1_227' title='bbox 1013 2969 1156 3034; x_wconf 84' lang='lat' dir='ltr'>Georgius.</span> <span class='ocrx_word' id='word_1_228' title='bbox 1193 2970 1313 3036; x_wconf 78' lang='lat' dir='ltr'>Reliqua</span> <span class='ocrx_word' id='word_1_229' title='bbox 1326 2972 1410 3022; x_wconf 82' lang='lat' dir='ltr'>etism</span> <span class='ocrx_word' id='word_1_230' title='bbox 1422 2974 1512 3037; x_wconf 77' lang='lat' dir='ltr'>magis</span> <span class='ocrx_word' id='word_1_231' title='bbox 1527 2972 1661 3037; x_wconf 85' lang='lat' dir='ltr'>Georgius</span> 
     </span>
     <span class='ocr_line' id='line_1_25' title="bbox 516 3046 1659 3121; baseline 0.003 -18"><span class='ocrx_word' id='word_1_232' title='bbox 516 3054 680 3107; x_wconf 81' lang='lat' dir='ltr'>immutavit.</span> <span class='ocrx_word' id='word_1_233' title='bbox 700 3081 735 3091; x_wconf 95' lang='lat'>-</span> <span class='ocrx_word' id='word_1_234' title='bbox 756 3046 936 3119; x_wconf 74' lang='grc' dir='ltr'>ιΚτήσιππος</span> <span class='ocrx_word' id='word_1_235' title='bbox 953 3069 1052 3104; x_wconf 88' lang='lat' dir='ltr'>nomen</span> <span class='ocrx_word' id='word_1_236' title='bbox 1064 3056 1093 3103; x_wconf 92' lang='lat' dir='ltr'>iu</span> <span class='ocrx_word' id='word_1_237' title='bbox 1105 3054 1158 3105; x_wconf 86' lang='lat' dir='ltr'>huc</span> <span class='ocrx_word' id='word_1_238' title='bbox 1171 3056 1295 3106; x_wconf 84' lang='lat' dir='ltr'>oratione</span> <span class='ocrx_word' id='word_1_239' title='bbox 1313 3055 1425 3106; x_wconf 88' lang='lat' dir='ltr'>silentio</span> <span class='ocrx_word' id='word_1_240' title='bbox 1442 3071 1565 3121; x_wconf 85' lang='lat' dir='ltr'>pressum</span> <span class='ocrx_word' id='word_1_241' title='bbox 1577 3072 1595 3105; x_wconf 85' lang='grc' dir='ltr'>ιι</span> <span class='ocrx_word' id='word_1_242' title='bbox 1606 3058 1659 3106; x_wconf 89' lang='lat' dir='ltr'>De-</span> 
     </span>
     <span class='ocr_line' id='line_1_26' title="bbox 518 3137 1657 3204; baseline -0.001 -15"><span class='ocrx_word' id='word_1_243' title='bbox 518 3140 674 3202; x_wconf 83' lang='lat' dir='ltr'>mosthene,</span> <span class='ocrx_word' id='word_1_244' title='bbox 698 3144 726 3189; x_wconf 89' lang='lat' dir='ltr'>et</span> <span class='ocrx_word' id='word_1_245' title='bbox 743 3154 841 3204; x_wconf 78' lang='lat' dir='ltr'>quere,</span> <span class='ocrx_word' id='word_1_246' title='bbox 861 3141 902 3188; x_wconf 81' lang='lat' dir='ltr'>sit</span> <span class='ocrx_word' id='word_1_247' title='bbox 920 3138 1080 3189; x_wconf 76' lang='lat' dir='ltr'>Athenaeus</span> <span class='ocrx_word' id='word_1_248' title='bbox 1101 3154 1129 3204; x_wconf 88' lang='lat' dir='ltr'>p.</span> <span class='ocrx_word' id='word_1_249' title='bbox 1143 3137 1214 3189; x_wconf 60' lang='lat'>166!</span> <span class='ocrx_word' id='word_1_250' title='bbox 1250 3140 1422 3191; x_wconf 83' lang='lat' dir='ltr'>Reiskius.</span> <span class='ocrx_word' id='word_1_251' title='bbox 1458 3142 1502 3195; x_wconf 82' lang='lat' dir='ltr'>ct.</span> <span class='ocrx_word' id='word_1_252' title='bbox 1520 3141 1657 3191; x_wconf 85' lang='lat' dir='ltr'>Plutarch.</span> 
     </span>
     <span class='ocr_line' id='line_1_27' title="bbox 517 3222 1396 3291; baseline 0.002 -18"><span class='ocrx_word' id='word_1_253' title='bbox 517 3224 572 3277; x_wconf 86' lang='lat' dir='ltr'>vit.</span> <span class='ocrx_word' id='word_1_254' title='bbox 586 3225 666 3273; x_wconf 90' lang='lat' dir='ltr'>Dem.</span> <span class='ocrx_word' id='word_1_255' title='bbox 680 3239 741 3288; x_wconf 88' lang='lat' dir='ltr'>cup.</span> <span class='ocrx_word' id='word_1_256' title='bbox 756 3226 795 3275; x_wconf 73' lang='lat'>15.</span> <span class='ocrx_word' id='word_1_257' title='bbox 831 3222 891 3273; x_wconf 88' lang='lat' dir='ltr'>vid.</span> <span class='ocrx_word' id='word_1_258' title='bbox 905 3222 969 3277; x_wconf 86' lang='lat' dir='ltr'>Arn.</span> <span class='ocrx_word' id='word_1_259' title='bbox 984 3222 1126 3274; x_wconf 80' lang='lat' dir='ltr'>Sebacier.</span> <span class='ocrx_word' id='word_1_260' title='bbox 1139 3224 1218 3277; x_wconf 92' lang='lat' dir='ltr'>Dcm.</span> <span class='ocrx_word' id='word_1_261' title='bbox 1231 3226 1263 3274; x_wconf 84' lang='lat' dir='ltr'>T.</span> <span class='ocrx_word' id='word_1_262' title='bbox 1275 3226 1289 3275; x_wconf 92' lang='lat'>1</span> <span class='ocrx_word' id='word_1_263' title='bbox 1301 3241 1327 3291; x_wconf 87' lang='lat' dir='ltr'>p.</span> <span class='ocrx_word' id='word_1_264' title='bbox 1339 3227 1396 3275; x_wconf 81' lang='lat'>357.</span> 
     </span>
    </p>

    <p class='ocr_par' dir='ltr' id='par_1_5' title="bbox 514 3303 1661 4627">
     <span class='ocr_line' id='line_1_28' title="bbox 583 3303 1657 3377; baseline 0.004 -20"><span class='ocrx_word' id='word_1_265' title='bbox 583 3303 613 3363; x_wconf 83' lang='grc'>2.</span> <span class='ocrx_word' id='word_1_266' title='bbox 650 3307 675 3371; x_wconf 87' lang='grc'>1)</span> <span class='ocrx_word' id='word_1_267' title='bbox 689 3305 737 3358; x_wconf 80' lang='grc' dir='ltr'>καλ</span> <span class='ocrx_word' id='word_1_268' title='bbox 752 3305 790 3371; x_wconf 83' lang='grc' dir='ltr'>τῷ</span> <span class='ocrx_word' id='word_1_269' title='bbox 804 3304 908 3373; x_wconf 83' lang='grc' dir='ltr'><strong><em>δικαίῳ</em></strong></span> <span class='ocrx_word' id='word_1_270' title='bbox 920 3324 963 3359; x_wconf 92' lang='lat' dir='ltr'>om</span> <span class='ocrx_word' id='word_1_271' title='bbox 976 3308 1045 3360; x_wconf 80' lang='lat' dir='ltr'>Bau.</span> <span class='ocrx_word' id='word_1_272' title='bbox 1059 3336 1092 3345; x_wconf 97' lang='lat'>-</span> <span class='ocrx_word' id='word_1_273' title='bbox 1113 3310 1226 3360; x_wconf 85' lang='lat' dir='ltr'>Iuverso</span> <span class='ocrx_word' id='word_1_274' title='bbox 1238 3309 1334 3361; x_wconf 87' lang='lat' dir='ltr'>ordine</span> <span class='ocrx_word' id='word_1_275' title='bbox 1347 3309 1495 3375; x_wconf 82' lang='lat' dir='ltr'>Georgius:</span> <span class='ocrx_word' id='word_1_276' title='bbox 1514 3303 1612 3377; x_wconf 81' lang='grc' dir='ltr'><strong><em>Ἰσχόει</em></strong></span> <span class='ocrx_word' id='word_1_277' title='bbox 1625 3305 1657 3361; x_wconf 74' lang='lat' dir='ltr'>dl</span> 
     </span>
     <span class='ocr_line' id='line_1_29' title="bbox 516 3384 1659 3462; baseline 0 -17"><span class='ocrx_word' id='word_1_278' title='bbox 516 3392 554 3461; x_wconf 76' lang='grc' dir='ltr'>τῷ</span> <span class='ocrx_word' id='word_1_279' title='bbox 567 3392 672 3459; x_wconf 82' lang='grc' dir='ltr'><strong><em>δικαίῳ</em></strong></span> <span class='ocrx_word' id='word_1_280' title='bbox 684 3392 734 3445; x_wconf 78' lang='lat' dir='ltr'>uoti</span> <span class='ocrx_word' id='word_1_281' title='bbox 751 3391 790 3457; x_wconf 78' lang='grc' dir='ltr'>τῷ</span> <span class='ocrx_word' id='word_1_282' title='bbox 803 3384 918 3459; x_wconf 70' lang='grc' dir='ltr'><strong><em>ἐνδόξῳ.</em></strong></span> <span class='ocrx_word' id='word_1_283' title='bbox 940 3394 1105 3445; x_wconf 81' lang='lat' dir='ltr'>exciderunt</span> <span class='ocrx_word' id='word_1_284' title='bbox 1122 3394 1172 3444; x_wconf 84' lang='lat' dir='ltr'>illo</span> <span class='ocrx_word' id='word_1_285' title='bbox 1189 3395 1224 3445; x_wconf 95' lang='lat' dir='ltr'>ob</span> <span class='ocrx_word' id='word_1_286' title='bbox 1242 3396 1396 3459; x_wconf 84' lang='lat' dir='ltr'>sequentia.</span> <span class='ocrx_word' id='word_1_287' title='bbox 1466 3396 1492 3462; x_wconf 81' lang='lat'>2)</span> <span class='ocrx_word' id='word_1_288' title='bbox 1506 3394 1556 3447; x_wconf 81' lang='grc' dir='ltr'>καὶ</span> <span class='ocrx_word' id='word_1_289' title='bbox 1568 3394 1607 3462; x_wconf 75' lang='grc' dir='ltr'>τῷ</span> <span class='ocrx_word' id='word_1_290' title='bbox 1617 3394 1659 3446; x_wconf 88' lang='grc' dir='ltr'>δι-</span> 
     </span>
     <span class='ocr_line' id='line_1_30' title="bbox 516 3466 1659 3545; baseline 0.001 -16"><span class='ocrx_word' id='word_1_291' title='bbox 516 3479 588 3543; x_wconf 83' lang='grc' dir='ltr'><strong><em>καίῳ</em></strong></span> <span class='ocrx_word' id='word_1_292' title='bbox 601 3472 741 3544; x_wconf 67' lang='lat' dir='ltr'>plvmnlg.</span> <span class='ocrx_word' id='word_1_293' title='bbox 755 3504 787 3515; x_wconf 89' lang='lat'><em>-</em></span> <span class='ocrx_word' id='word_1_294' title='bbox 808 3476 858 3529; x_wconf 78' lang='grc' dir='ltr'>καί</span> <span class='ocrx_word' id='word_1_295' title='bbox 871 3494 913 3529; x_wconf 91' lang='lat' dir='ltr'>om</span> <span class='ocrx_word' id='word_1_296' title='bbox 929 3478 960 3529; x_wconf 76' lang='lat' dir='ltr'>T.</span> <span class='ocrx_word' id='word_1_297' title='bbox 974 3479 1011 3529; x_wconf 89' lang='grc' dir='ltr'>Π.</span> <span class='ocrx_word' id='word_1_298' title='bbox 1024 3480 1058 3531; x_wconf 82' lang='lat' dir='ltr'>X.</span> <span class='ocrx_word' id='word_1_299' title='bbox 1075 3478 1150 3533; x_wconf 79' lang='lat' dir='ltr'>Mun.</span> <span class='ocrx_word' id='word_1_300' title='bbox 1164 3480 1261 3529; x_wconf 73' lang='lat' dir='ltr'>vinds.</span> <span class='ocrx_word' id='word_1_301' title='bbox 1312 3479 1340 3545; x_wconf 82' lang='lat'>3)</span> <span class='ocrx_word' id='word_1_302' title='bbox 1357 3470 1423 3531; x_wconf 77' lang='grc' dir='ltr'><strong><em>ἄντ’</em></strong></span> <span class='ocrx_word' id='word_1_303' title='bbox 1436 3466 1469 3531; x_wconf 80' lang='grc' dir='ltr'>εὖ</span> <span class='ocrx_word' id='word_1_304' title='bbox 1480 3476 1659 3532; x_wconf 69' lang='grc' dir='ltr'><strong><em>πεπονθέναι</em></strong></span> 
     </span>
     <span class='ocr_line' id='line_1_31' title="bbox 516 3562 1660 3631; baseline 0.003 -19"><span class='ocrx_word' id='word_1_305' title='bbox 516 3564 598 3613; x_wconf 79' lang='lat' dir='ltr'>ltind.</span> <span class='ocrx_word' id='word_1_306' title='bbox 617 3564 731 3614; x_wconf 85' lang='lat' dir='ltr'>iubente</span> <span class='ocrx_word' id='word_1_307' title='bbox 749 3562 912 3624; x_wconf 83' lang='lat' dir='ltr'>Sohuefero,</span> <span class='ocrx_word' id='word_1_308' title='bbox 931 3564 977 3627; x_wconf 88' lang='lat' dir='ltr'>qui</span> <span class='ocrx_word' id='word_1_309' title='bbox 995 3563 1085 3631; x_wconf 68' lang='lat' dir='ltr'>‘Vid.‚</span> <span class='ocrx_word' id='word_1_310' title='bbox 1104 3565 1206 3629; x_wconf 90' lang='lat' dir='ltr'>inquit,</span> <span class='ocrx_word' id='word_1_311' title='bbox 1224 3563 1318 3615; x_wconf 84' lang='lat' dir='ltr'>Melet.</span> <span class='ocrx_word' id='word_1_312' title='bbox 1331 3564 1399 3615; x_wconf 85' lang='lat' dir='ltr'>Crit.</span> <span class='ocrx_word' id='word_1_313' title='bbox 1417 3581 1444 3629; x_wconf 90' lang='lat' dir='ltr'>p.</span> <span class='ocrx_word' id='word_1_314' title='bbox 1459 3567 1492 3615; x_wconf 78' lang='lat'>68</span> <span class='ocrx_word' id='word_1_315' title='bbox 1509 3571 1538 3615; x_wconf 91' lang='lat' dir='ltr'>et</span> <span class='ocrx_word' id='word_1_316' title='bbox 1553 3570 1611 3616; x_wconf 87' lang='lat' dir='ltr'>unt.</span> <span class='ocrx_word' id='word_1_317' title='bbox 1626 3565 1660 3615; x_wconf 85' lang='lat' dir='ltr'>od</span> 
     </span>
     <span class='ocr_line' id='line_1_32' title="bbox 516 3635 1660 3714; baseline 0.003 -16"><span class='ocrx_word' id='word_1_318' title='bbox 516 3665 542 3713; x_wconf 89' lang='lat' dir='ltr'>p.</span> <span class='ocrx_word' id='word_1_319' title='bbox 559 3649 620 3707; x_wconf 85' lang='lat'>105,</span> <span class='ocrx_word' id='word_1_320' title='bbox 638 3650 679 3698; x_wconf 81' lang='lat'>23.</span> <span class='ocrx_word' id='word_1_321' title='bbox 716 3649 748 3697; x_wconf 92' lang='lat' dir='ltr'>In</span> <span class='ocrx_word' id='word_1_322' title='bbox 760 3646 907 3712; x_wconf 85' lang='lat' dir='ltr'>Apollonio</span> <span class='ocrx_word' id='word_1_323' title='bbox 920 3647 1010 3698; x_wconf 87' lang='lat' dir='ltr'>Rbod.</span> <span class='ocrx_word' id='word_1_324' title='bbox 1023 3648 1079 3707; x_wconf 92' lang='lat'>111,</span> <span class='ocrx_word' id='word_1_325' title='bbox 1093 3652 1143 3699; x_wconf 80' lang='lat'>918</span> <span class='ocrx_word' id='word_1_326' title='bbox 1161 3648 1335 3699; x_wconf 85' lang='lat' dir='ltr'>scribendum</span> <span class='ocrx_word' id='word_1_327' title='bbox 1353 3644 1405 3701; x_wconf 83' lang='grc' dir='ltr'>οὐν</span> <span class='ocrx_word' id='word_1_328' title='bbox 1422 3635 1455 3702; x_wconf 80' lang='grc' dir='ltr'>εδ</span> <span class='ocrx_word' id='word_1_329' title='bbox 1471 3643 1660 3714; x_wconf 74' lang='grc' dir='ltr'><strong><em>φράσσασθαι</em></strong></span> 
     </span>
     <span class='ocr_line' id='line_1_33' title="bbox 516 3731 1661 3799; baseline 0.003 -17"><span class='ocrx_word' id='word_1_330' title='bbox 516 3734 613 3797; x_wconf 87' lang='lat' dir='ltr'>idque,</span> <span class='ocrx_word' id='word_1_331' title='bbox 647 3732 717 3798; x_wconf 88' lang='lat' dir='ltr'>quod</span> <span class='ocrx_word' id='word_1_332' title='bbox 742 3731 850 3782; x_wconf 83' lang='lat' dir='ltr'>uidetur</span> <span class='ocrx_word' id='word_1_333' title='bbox 877 3732 982 3798; x_wconf 77' lang='lat' dir='ltr'>fugisse</span> <span class='ocrx_word' id='word_1_334' title='bbox 1007 3732 1177 3782; x_wconf 85' lang='lat' dir='ltr'>Lobeckium</span> <span class='ocrx_word' id='word_1_335' title='bbox 1201 3734 1236 3783; x_wconf 86' lang='lat' dir='ltr'>od</span> <span class='ocrx_word' id='word_1_336' title='bbox 1259 3734 1360 3799; x_wconf 81' lang='lat' dir='ltr'>Phryn.</span> <span class='ocrx_word' id='word_1_337' title='bbox 1385 3751 1410 3799; x_wconf 89' lang='lat' dir='ltr'>p.</span> <span class='ocrx_word' id='word_1_338' title='bbox 1429 3736 1491 3794; x_wconf 79' lang='lat'>624,</span> <span class='ocrx_word' id='word_1_339' title='bbox 1520 3736 1661 3785; x_wconf 80' lang='lat' dir='ltr'>codicibus</span> 
     </span>
     <span class='ocr_line' id='line_1_34' title="bbox 515 3795 1660 3882; baseline 0.003 -15"><span class='ocrx_word' id='word_1_340' title='bbox 515 3813 734 3882; x_wconf 62' lang='lat' dir='ltr'>praceuntibus)</span> <span class='ocrx_word' id='word_1_341' title='bbox 770 3795 806 3865; x_wconf 81' lang='lat' dir='ltr'>u&#39;t</span> <span class='ocrx_word' id='word_1_342' title='bbox 823 3816 879 3869; x_wconf 83' lang='lat' dir='ltr'>vid.</span> <span class='ocrx_word' id='word_1_343' title='bbox 889 3832 977 3867; x_wconf 82' lang='lat' dir='ltr'>meam</span> <span class='ocrx_word' id='word_1_344' title='bbox 992 3833 1056 3871; x_wconf 85' lang='lat' dir='ltr'>urm¹</span> <span class='ocrx_word' id='word_1_345' title='bbox 1071 3817 1106 3867; x_wconf 82' lang='lat' dir='ltr'>sd</span> <span class='ocrx_word' id='word_1_346' title='bbox 1119 3816 1213 3868; x_wconf 87' lang='lat' dir='ltr'>Chers.</span> <span class='ocrx_word' id='word_1_347' title='bbox 1227 3819 1251 3879; x_wconf 65' lang='grc' dir='ltr'>ξ.</span> <span class='ocrx_word' id='word_1_348' title='bbox 1265 3821 1309 3878; x_wconf 88' lang='grc'>65,</span> <span class='ocrx_word' id='word_1_349' title='bbox 1326 3819 1375 3868; x_wconf 89' lang='lat' dir='ltr'>ubi</span> <span class='ocrx_word' id='word_1_350' title='bbox 1387 3819 1457 3870; x_wconf 83' lang='lat' dir='ltr'>adde</span> <span class='ocrx_word' id='word_1_351' title='bbox 1469 3821 1545 3871; x_wconf 85' lang='lat' dir='ltr'>Iscei</span> <span class='ocrx_word' id='word_1_352' title='bbox 1558 3819 1605 3869; x_wconf 93' lang='lat' dir='ltr'>Or.</span> <span class='ocrx_word' id='word_1_353' title='bbox 1618 3820 1660 3870; x_wconf 93' lang='lat' dir='ltr'>Dc</span> 
     </span>
     <span class='ocr_line' id='line_1_35' title="bbox 515 3886 1661 3969; baseline 0.005 -19"><span class='ocrx_word' id='word_1_354' title='bbox 515 3902 642 3966; x_wconf 80' lang='lat' dir='ltr'>Apollod.</span> <span class='ocrx_word' id='word_1_355' title='bbox 650 3902 735 3953; x_wconf 84' lang='lat' dir='ltr'>Haer.</span> <span class='ocrx_word' id='word_1_356' title='bbox 746 3900 805 3959; x_wconf 76' lang='lat' dir='ltr'>§.8r</span> <span class='ocrx_word' id='word_1_357' title='bbox 818 3886 857 3952; x_wconf 78' lang='grc' dir='ltr'>ὦν</span> <span class='ocrx_word' id='word_1_358' title='bbox 867 3893 1070 3965; x_wconf 83' lang='grc' dir='ltr'><strong><em>Ἀπολλόδωρος</em></strong></span> <span class='ocrx_word' id='word_1_359' title='bbox 1082 3898 1232 3954; x_wconf 80' lang='grc' dir='ltr'><strong><em>πέπονθεν</em></strong></span> <span class='ocrx_word' id='word_1_360' title='bbox 1245 3890 1285 3967; x_wconf 77' lang='grc' dir='ltr'><strong><em>εὖ,</em></strong></span> <span class='ocrx_word' id='word_1_361' title='bbox 1297 3894 1484 3955; x_wconf 73' lang='grc' dir='ltr'><strong><em>ἀντευποιεῖν</em></strong></span> <span class='ocrx_word' id='word_1_362' title='bbox 1496 3895 1583 3969; x_wconf 81' lang='grc' dir='ltr'><strong><em>ἠξίου</em></strong></span> <span class='ocrx_word' id='word_1_363' title='bbox 1594 3897 1661 3964; x_wconf 77' lang='grc' dir='ltr'>τούς</span> 
     </span>
     <span class='ocr_line' id='line_1_36' title="bbox 516 3975 1660 4056; baseline 0.003 -20"><span class='ocrx_word' id='word_1_364' title='bbox 516 3978 621 4037; x_wconf 78' lang='grc' dir='ltr'><strong><em>ἑαυτὸν</em></strong></span> <span class='ocrx_word' id='word_1_365' title='bbox 640 3975 857 4051; x_wconf 80' lang='grc' dir='ltr'><strong><em>εόερχήσαντας.</em></strong></span> <span class='ocrx_word' id='word_1_366' title='bbox 876 4012 910 4023; x_wconf 94' lang='lat'>—-</span> <span class='ocrx_word' id='word_1_367' title='bbox 930 3978 1178 4039; x_wconf 60' lang='lat' dir='ltr'>&amp;evanescentem</span> <span class='ocrx_word' id='word_1_368' title='bbox 1198 3989 1338 4054; x_wconf 82' lang='lat' dir='ltr'>Georgius.</span> <span class='ocrx_word' id='word_1_369' title='bbox 1408 3988 1436 4053; x_wconf 82' lang='lat'>4)</span> <span class='ocrx_word' id='word_1_370' title='bbox 1453 3980 1660 4056; x_wconf 80' lang='grc' dir='ltr'><strong><em>όντιλαβόυτας</em></strong></span> 
     </span>
     <span class='ocr_line' id='line_1_37' title="bbox 515 4061 1659 4137; baseline 0.003 -16"><span class='ocrx_word' id='word_1_371' title='bbox 515 4071 591 4136; x_wconf 78' lang='lat' dir='ltr'>vulg,</span> <span class='ocrx_word' id='word_1_372' title='bbox 609 4100 640 4107; x_wconf 97' lang='lat'>—</span> <span class='ocrx_word' id='word_1_373' title='bbox 659 4061 696 4121; x_wconf 83' lang='grc' dir='ltr'>ἅν</span> <span class='ocrx_word' id='word_1_374' title='bbox 708 4087 735 4121; x_wconf 87' lang='grc' dir='ltr'>τι</span> <span class='ocrx_word' id='word_1_375' title='bbox 749 4063 888 4135; x_wconf 82' lang='grc' dir='ltr'><strong><em>λαβόντας</em></strong></span> <span class='ocrx_word' id='word_1_376' title='bbox 905 4072 991 4122; x_wconf 87' lang='lat' dir='ltr'>Wolf.</span> <span class='ocrx_word' id='word_1_377' title='bbox 1014 4072 1092 4122; x_wconf 87' lang='lat' dir='ltr'>Bodl.</span> <span class='ocrx_word' id='word_1_378' title='bbox 1106 4073 1174 4124; x_wconf 84' lang='lat' dir='ltr'>Bau.</span> <span class='ocrx_word' id='word_1_379' title='bbox 1195 4072 1562 4137; x_wconf 68' lang='lat' dir='ltr'>(Y.vind1.4).n0nF.-</span> <span class='ocrx_word' id='word_1_380' title='bbox 1582 4064 1619 4125; x_wconf 77' lang='grc' dir='ltr'>όν</span> <span class='ocrx_word' id='word_1_381' title='bbox 1631 4091 1659 4124; x_wconf 84' lang='grc' dir='ltr'>τι</span> 
     </span>
     <span class='ocr_line' id='line_1_38' title="bbox 515 4143 1660 4225; baseline 0.003 -20"><span class='ocrx_word' id='word_1_382' title='bbox 515 4152 578 4221; x_wconf 84' lang='grc' dir='ltr'><strong><em>λαβ.</em></strong></span> <span class='ocrx_word' id='word_1_383' title='bbox 591 4154 677 4207; x_wconf 79' lang='lat' dir='ltr'>AldV.</span> <span class='ocrx_word' id='word_1_384' title='bbox 714 4154 878 4205; x_wconf 87' lang='lat' dir='ltr'>‘Videndum</span> <span class='ocrx_word' id='word_1_385' title='bbox 899 4172 933 4207; x_wconf 92' lang='lat' dir='ltr'>ne</span> <span class='ocrx_word' id='word_1_386' title='bbox 954 4161 1079 4223; x_wconf 81' lang='lat' dir='ltr'>praestet</span> <span class='ocrx_word' id='word_1_387' title='bbox 1099 4151 1314 4223; x_wconf 84' lang='grc' dir='ltr'><strong><em>α’ντιλοιβόντας.</em></strong></span> <span class='ocrx_word' id='word_1_388' title='bbox 1336 4175 1380 4209; x_wconf 79' lang='lat' dir='ltr'>eos</span> <span class='ocrx_word' id='word_1_389' title='bbox 1401 4164 1445 4225; x_wconf 83' lang='lat' dir='ltr'>qui</span> <span class='ocrx_word' id='word_1_390' title='bbox 1459 4176 1511 4224; x_wconf 82' lang='lat' dir='ltr'>pro</span> <span class='ocrx_word' id='word_1_391' title='bbox 1532 4143 1660 4222; x_wconf 70' lang='lat' dir='ltr'>beneficiis</span> 
     </span>
     <span class='ocr_line' id='line_1_39' title="bbox 514 4241 1659 4309; baseline 0.004 -21"><span class='ocrx_word' id='word_1_392' title='bbox 514 4241 587 4303; x_wconf 85' lang='lat' dir='ltr'>prius</span> <span class='ocrx_word' id='word_1_393' title='bbox 599 4242 733 4304; x_wconf 81' lang='lat' dir='ltr'>praestitis</span> <span class='ocrx_word' id='word_1_394' title='bbox 745 4241 812 4290; x_wconf 84' lang='lat' dir='ltr'>douo</span> <span class='ocrx_word' id='word_1_395' title='bbox 825 4250 987 4305; x_wconf 83' lang='lat' dir='ltr'>acceperuut.</span> <span class='ocrx_word' id='word_1_396' title='bbox 1012 4242 1156 4292; x_wconf 83' lang='lat' dir='ltr'>Particulu</span> <span class='ocrx_word' id='word_1_397' title='bbox 1169 4244 1276 4308; x_wconf 90' lang='lat' dir='ltr'>quidem</span> <span class='ocrx_word' id='word_1_398' title='bbox 1288 4259 1385 4308; x_wconf 83' lang='lat' dir='ltr'>purum</span> <span class='ocrx_word' id='word_1_399' title='bbox 1398 4244 1511 4309; x_wconf 86' lang='lat' dir='ltr'>placet.&#39;</span> <span class='ocrx_word' id='word_1_400' title='bbox 1535 4244 1659 4294; x_wconf 82' lang='lat' dir='ltr'>Schoe-</span> 
     </span>
     <span class='ocr_line' id='line_1_40' title="bbox 517 4318 1659 4395; baseline 0.007 -24"><span class='ocrx_word' id='word_1_401' title='bbox 517 4324 617 4376; x_wconf 85' lang='lat' dir='ltr'>lerus.</span> <span class='ocrx_word' id='word_1_402' title='bbox 673 4322 701 4389; x_wconf 85' lang='lat'>5)</span> <span class='ocrx_word' id='word_1_403' title='bbox 716 4320 830 4390; x_wconf 70' lang='grc' dir='ltr'><strong><em>αἴσχιον</em></strong></span> <span class='ocrx_word' id='word_1_404' title='bbox 842 4318 1095 4392; x_wconf 64' lang='grc' dir='ltr'><strong><em>νιιΙς.-αίσχρδυ</em></strong></span> <span class='ocrx_word' id='word_1_405' title='bbox 1106 4327 1191 4376; x_wconf 86' lang='lat' dir='ltr'>Wolf.</span> <span class='ocrx_word' id='word_1_406' title='bbox 1209 4327 1288 4380; x_wconf 87' lang='lat' dir='ltr'>Bodi.</span> <span class='ocrx_word' id='word_1_407' title='bbox 1303 4329 1423 4392; x_wconf 77' lang='lat' dir='ltr'>(Viudl).</span> <span class='ocrx_word' id='word_1_408' title='bbox 1483 4328 1510 4395; x_wconf 84' lang='lat' dir='ltr'>li)</span> <span class='ocrx_word' id='word_1_409' title='bbox 1524 4324 1659 4395; x_wconf 76' lang='grc' dir='ltr'><strong><em>αἰσχίονα</em></strong></span> 
     </span>
     <span class='ocr_line' id='line_1_41' title="bbox 516 4395 1658 4477; baseline 0.009 -22"><span class='ocrx_word' id='word_1_410' title='bbox 516 4409 556 4455; x_wconf 67' lang='lat' dir='ltr'>sse</span> <span class='ocrx_word' id='word_1_411' title='bbox 575 4409 634 4458; x_wconf 65' lang='lat' dir='ltr'>suu</span> <span class='ocrx_word' id='word_1_412' title='bbox 651 4395 830 4474; x_wconf 58' lang='lat' dir='ltr'>energias.</span> <span class='ocrx_word' id='word_1_413' title='bbox 884 4412 909 4473; x_wconf 86' lang='grc' dir='ltr'>ι)</span> <span class='ocrx_word' id='word_1_414' title='bbox 924 4410 1080 4462; x_wconf 57' lang='lat' dir='ltr'>nervium.</span> <span class='ocrx_word' id='word_1_415' title='bbox 1134 4412 1162 4477; x_wconf 85' lang='lat' dir='ltr'>s)</span> <span class='ocrx_word' id='word_1_416' title='bbox 1175 4407 1248 4477; x_wconf 62' lang='lat' dir='ltr'>sepo</span> <span class='ocrx_word' id='word_1_417' title='bbox 1266 4406 1322 4477; x_wconf 72' lang='grc' dir='ltr'>γὰρ</span> <span class='ocrx_word' id='word_1_418' title='bbox 1340 4407 1417 4466; x_wconf 67' lang='grc' dir='ltr'><strong><em>εῖναι</em></strong></span> <span class='ocrx_word' id='word_1_419' title='bbox 1435 4415 1514 4465; x_wconf 77' lang='lat' dir='ltr'>nont.</span> <span class='ocrx_word' id='word_1_420' title='bbox 1527 4414 1612 4464; x_wconf 76' lang='lat' dir='ltr'>univ.</span> <span class='ocrx_word' id='word_1_421' title='bbox 1626 4441 1658 4449; x_wconf 90' lang='lat'>-</span> 
     </span>
     <span class='ocr_line' id='line_1_42' title="bbox 515 4480 1658 4565; baseline 0.008 -24"><span class='ocrx_word' id='word_1_422' title='bbox 515 4488 609 4558; x_wconf 72' lang='grc' dir='ltr'><strong><em>λέγειν</em></strong></span> <span class='ocrx_word' id='word_1_423' title='bbox 625 4488 679 4559; x_wconf 76' lang='grc' dir='ltr'>γὰρ</span> <span class='ocrx_word' id='word_1_424' title='bbox 698 4486 784 4560; x_wconf 66' lang='grc' dir='ltr'><strong><em>ἐχρῆν</em></strong></span> <span class='ocrx_word' id='word_1_425' title='bbox 795 4495 870 4559; x_wconf 80' lang='lat' dir='ltr'>urrlg.</span> <span class='ocrx_word' id='word_1_426' title='bbox 884 4522 917 4530; x_wconf 96' lang='lat'><em>-</em></span> <span class='ocrx_word' id='word_1_427' title='bbox 935 4491 1010 4561; x_wconf 78' lang='grc' dir='ltr'><strong><em>λέγει</em></strong></span> <span class='ocrx_word' id='word_1_428' title='bbox 1023 4490 1076 4562; x_wconf 76' lang='grc' dir='ltr'>γὰρ</span> <span class='ocrx_word' id='word_1_429' title='bbox 1088 4498 1148 4547; x_wconf 87' lang='lat' dir='ltr'>sine</span> <span class='ocrx_word' id='word_1_430' title='bbox 1163 4480 1239 4548; x_wconf 66' lang='grc' dir='ltr'><strong><em>εἶναι</em></strong></span> <span class='ocrx_word' id='word_1_431' title='bbox 1252 4481 1379 4565; x_wconf 60' lang='lat' dir='ltr'>e&#39;t&#39;t&#39;gifjv&#39;</span> <span class='ocrx_word' id='word_1_432' title='bbox 1388 4483 1424 4551; x_wconf 61' lang='grc' dir='ltr'>’ΊΪ</span> <span class='ocrx_word' id='word_1_433' title='bbox 1437 4517 1459 4550; x_wconf 86' lang='lat' dir='ltr'>s.</span> <span class='ocrx_word' id='word_1_434' title='bbox 1473 4500 1570 4553; x_wconf 81' lang='lat' dir='ltr'>Vindt.</span> <span class='ocrx_word' id='word_1_435' title='bbox 1582 4501 1609 4553; x_wconf 84' lang='lat'>4.</span> <span class='ocrx_word' id='word_1_436' title='bbox 1621 4498 1658 4550; x_wconf 85' lang='lat'>11.</span> 
     </span>
     <span class='ocr_line' id='line_1_43' title="bbox 515 4578 588 4627; baseline 0 0"><span class='ocrx_word' id='word_1_437' title='bbox 515 4578 588 4627; x_wconf 80' lang='lat' dir='ltr'>Mun.</span> 
     </span>
    </p>
   </div>
   <div class='ocr_carea' id='block_1_5' title="bbox 0 0 1980 5609">
    <p class='ocr_par' dir='ltr' id='par_1_6' title="bbox 0 0 1980 5609">
     <span class='ocr_line' id='line_1_44' title="bbox 0 0 1980 5609; baseline 0 1"><span class='ocrx_word' id='word_1_438' title='bbox 0 0 1980 5609; x_wconf 95' lang='lat' dir='ltr'> </span> 
     </span>
    </p>
   </div>
  </div>
 </body>
</html>
