3950 5609
225 159 407 296 ss

285 304 321 350 'a'

502 594 562 659 128
745 614 963 659 nenosrnnnrs
979 618 1030 659 or.
1046 616 1208 661 aurursus
1228 616 1397 661 nrerrnun.
1446 678 1451 684 ὁ

497 762 650 829 'urentur
670 787 720 841 τις
740 764 805 841 είς1
828 762 890 849 τὴν
916 764 1130 849 καλουμένην
1154 768 1338 847 γερουσίαν
1363 766 1508 852 ἐγκριθῇ
1534 786 1647 848 παρα-

462 862 592 951 noxus
614 860 742 931 sinist
771 856 845 931 οἷον
873 866 951 951 χρή·
991 865 1155 950 δεσπότης
1183 866 1254 932 ἐστὶ
1280 871 1351 932 τών
1377 870 1527 932 πολλῶν.
1574 868 1651 931 ἐκεῖ

498 968 561 1053 μὲν
600 967 665 1052 γάρ
709 969 780 1035 ἐστι
821 971 880 1052 τῆς
922 965 1042 1051 ἀρετῆς
1078 959 1187 1032 ἆθλον
1230 973 1289 1053 τῆς
1324 972 1495 1046 πολιτείας
1537 970 1648 1053 κυρίῳ

498 1070 658 1153 γενέσθαι
706 1067 788 1155 μετὰ
830 1073 900 1135 τῶν
947 1066 1096 1153 ὁμοίων,
1148 1066 1240 1153 παρὰ
1282 1067 1320 1134 d’
1362 1068 1473 1155 iperi
1521 1070 1648 1153 ταύτης

497 1170 560 1257 μὲν
597 1168 615 1237 tl
652 1172 756 1257 δῆμος
792 1171 931 1254 κύριος,
973 1172 1029 1235 καί
1059 1167 1161 1255 ἀραί*
1197 1172 1255 1235 καί
1284 1170 1383 1256 νόμοι
1413 1172 1494 1235 nori⁵
1532 1175 1646 1255 qvin-

497 1277 570 1357 καί,
615 1269 706 1350 ὅπως
734 1274 849 1357 μηδείς
878 1269 980 1349 ἄλλος
1009 1271 1126 1356 κύριος
1154 1273 1349 1357 γενήσεται,
1393 1273 1557 1357 στέφανοι
1587 1271 1647 1339 dl⁸

497 1468 649 1545 prelorum.
671 1468 717 1543 qui
739 1475 845 1525 cetoros
867 1468 894 1524 in
917 1484 946 1525 se
969 1470 1106 1525 continet:
1136 1468 1224 1537 Quum
1246 1467 1346 1543 uliquis
1361 1476 1483 1543 spectate
1500 1470 1602 1525 virtute
1617 1470 1646 1524 in

497 1554 636 1611 Genusium
659 1568 729 1627 quus
749 1552 849 1611 dicitur
869 1550 907 1625 (in
923 1552 1059 1625 senatum)
1081 1552 1195 1609 allectus
1210 1560 1266 1617 est:
1292 1552 1420 1610 dominus
1434 1562 1478 1610 est
1494 1553 1649 1610 multitudi-

497 1640 550 1697 nis.
588 1654 648 1695 num
669 1637 726 1695 illio
747 1638 854 1695 virtutis
875 1640 1026 1713 praemium
1046 1646 1089 1695 est
1105 1655 1165 1695 cum
1181 1638 1293 1713 poribus
1308 1640 1336 1695 iu
1351 1646 1490 1709 potestate
1505 1640 1646 1694 civitatem

497 1722 610 1785 bubone.
633 1722 704 1799 nputl
720 1740 770 1781 nos
785 1730 875 1780 nutem
891 1722 1058 1797 reipublicae
1074 1723 1200 1781 domiuus
1221 1732 1264 1780 est
1278 1723 1412 1798 populus.
1435 1734 1464 1780 et
1478 1725 1647 1780 exsecratio·

497 1826 545 1865 nos
560 1816 588 1895 pt
603 1808 678 1882 leges
694 1815 721 1865 et
737 1810 878 1865 erutiones
893 1816 967 1871 sunt,
982 1824 1017 1865 ne
1033 1808 1095 1883 quis
1111 1807 1180 1865 nlius
1196 1825 1226 1865 en
1242 1810 1374 1883 potietur,
1395 1817 1423 1865 et
1437 1808 1646 1883 praestantibus

563 2006 631 2067 lll'l.
670 2008 693 2073 l)
713 2002 755 2069 είς
777 2022 820 2059 om
844 2006 910 2075 pr‘P.
928 2008 1027 2059 vtnnt.
1045 2007 1136 2074 prMsl
1155 2008 1224 2071 (add
1242 2008 1323 2074 Chr).
1396 2008 1424 2073 2)
1443 1998 1549 2060 ἑαυτὸν
1565 2008 1643 2075 vulg.

497 2118 527 2131 -
547 2084 636 2148 unleds
654 2093 688 2147 Σ.
709 2093 744 2146 Π.
764 2092 827 2144 Cbr.
847 2119 879 2129 —
896 2084 988 2145 αὐτὸν
1006 2092 1110 2144 Laan.
1127 2090 1167 2147 Ω.
1187 2093 1284 2147 Vindt.
1354 2092 1381 2157 3)
1398 2084 1469 2159 ὑμῖν
1486 2092 1596 2147 Aldete.
1610 2096 1643 2147 1¹¹.

494 2186 512 2228 t.
531 2195 553 2228 ο.
573 2177 719 2233 vtnd1.-
740 2172 811 2245 ἡμῖν
829 2178 862 2229 Σ.
883 2177 986 2228 LourS.
1005 2176 1078 2243 vulg.
1096 2203 1130 2214 -
1149 2204 1180 2213 -
1201 2176 1375 2229 Sententiam
1394 2178 1442 2228 eit.
1462 2178 1572 2243 Syrien.
1591 2178 1644 2229 Bb.

494 2263 525 2316 Τ.
539 2262 577 2315 tv
595 2278 620 2329 p.
633 2264 665 2315 'ld
678 2264 720 2313 W.
790 2260 818 2329 t)
837 2256 921 2327 ἀρχα)
941 2260 1050 2314 Aldete.
1068 2260 1107 2316 Ω.
1129 2262 1160 2312 Τ.
1179 2263 1211 2311 P.
1230 2279 1253 2312 r.
1273 2270 1292 2337 ί.
1311 2278 1345 2327 γρ
1363 2262 1388 2317 lr.
1409 2262 1507 2318 vinds.
1525 2262 1592 2313 Μαι).
1610 2263 1643 2313 Χ.

494 2422 527 2437 -
545 2392 613 2463 slpul
633 2398 667 2449 Σ.
687 2396 761 2464 vulg.
780 2424 813 2435 -
835 2344 1028 2463 adelelinus,
1046 2424 1080 2433 —
1101 2398 1223 2460 ‘Quavis
1242 2399 1270 2447 in
1290 2399 1418 2449 contione
1436 2398 1505 2449 diris
1522 2398 1644 2450 devove-

494 2482 595 2533 bantur
613 2480 788 2537 insidiatores
806 2479 965 2533 libertatis!
984 2482 1155 2533 Reislrins.
1193 2482 1247 2533 ‘Ne
1265 2473 1352 2548 ἀρχαί
1370 2482 1479 2548 legibus
1497 2498 1553 2534 non
1570 2483 1643 2535 bene

494 2566 605 2619 iunctae
624 2566 778 2629 rideantur,
797 2566 974 2633 cogitandum
993 2584 1089 2619 annuos
1106 2565 1271 2631 ’κορίαννον
1290 2573 1319 2619 et
1336 2567 1469 2619 obnoxios
1487 2568 1644 2619 rationibus

494 2652 569 2719 apud
586 2650 716 2719 populum
735 2650 881 2703 reddendis
899 2652 1073 2717 praeclarum
1091 2652 1119 2701 in
1138 2651 1190 2701 tuli
1207 2652 1351 2718 republica
1368 2654 1567 2705 munimentum
1580 2669 1643 2704 esse

494 2735 651 2800 libertatis,
676 2736 745 2787 adeo
769 2740 800 2787 ut
823 2740 852 2787 et
874 2738 937 2803 ipss
957 2736 1098 2789 voeabula
1119 2730 1227 2801 α’ρχῶν,
1257 2738 1483 2804 magistratuum,
1511 2738 1643 2804 antiquus

492 2820 624 2886 loquendi
641 2834 707 2873 usus
725 2835 779 2872 uon
798 2824 899 2872 temere
918 2821 952 2873 de
971 2822 1028 2873 ulio
1049 2837 1131 2887 quam
1154 2821 1244 2871 libero
1268 2822 1371 2888 populo
1395 2824 1590 2889 frequentauit.
1607 2850 1642 2861 -

493 2906 572 2957 lines
590 2906 614 2957 si
627 2905 756 2957 Reiskius
774 2904 955 2969 advertisset,
975 2906 1122 2957 lectionem
1139 2895 1228 2971 ἄρχοι)
1246 2922 1301 2958 non
1318 2907 1436 2959 dixisset
1450 2908 1539 2959 tardis
1550 2923 1643 2975 gram·

493 2990 605 3042 metiris
623 2990 731 3055 deberi,
755 2990 881 3057 praelata
900 2990 970 3055 slis,
998 3006 1082 3057 quam
1098 3007 1182 3058 prope
1200 2994 1352 3043 ominosam
1370 2993 1486 3056 dixeris,
1503 2986 1589 3058 ἀραί,
1607 3020 1640 3029 -

492 3074 526 3128 de
545 3076 710 3143 praeconio,
729 3092 782 3143 quo
800 3075 917 3143 singulis
936 3076 1066 3127 ecelesiis
1084 3074 1124 3141 [et
1141 3080 1240 3128 senatu
1257 3076 1368 3142 singulo
1389 3078 1408 3128 i.
1427 3078 1483 3144 leg.
1496 3077 1521 3138 6.
1536 3076 1581 3144 to]
1597 3079 1641 3128 iu-

492 3158 641 3213 iidiatores
667 3160 807 3213 libertatis
834 3161 959 3213 damnari
987 3160 1124 3215 solebant.
1159 3161 1239 3238 ⁴Nota
1260 3176 1305 3213 res
1330 3178 1365 3213 ex
1387 3162 1585 3229 Aristophane.
1607 3190 1641 3199 -

493 3246 679 3299 commentum
701 3262 768 3299 sane
791 3246 923 3313 lepidum!
953 3262 1017 3297 uum
1039 3246 1064 3297 si
1086 3247 1141 3297 ista
1162 3260 1216 3297 vox
1237 3249 1400 3312 praeconis,
1426 3249 1451 3297 si
1473 3262 1564 3299 sanus
1586 3248 1640 3299 iste

492 3332 572 3389 ritus.
597 3347 645 3399 pro
668 3330 758 3383 tulero
779 3330 921 3385 libertatis
942 3332 1041 3383 haberi
1066 3335 1173 3397 potest,
1200 3329 1296 3395 quidni
1321 3332 1417 3382 eodem
1440 3334 1500 3383 iure
1524 3324 1640 3396 τοξόται
1668 3370 1676 3383 .

491 3416 612 3483 possint,
631 3430 744 3481 qnorum
762 3418 890 3469 manibus
907 3416 1025 3482 improbi
1043 3431 1060 3466 a
1072 3420 1204 3481 suggestu
1216 3415 1414 3467 sreebantmi’
1437 3417 1641 3470 Fr.a.w01·

493 3501 568 3555 iins.
607 3500 729 3553 ‘Reislrii
758 3502 897 3568 scriptura
923 3500 1069 3551 verissima
1097 3506 1141 3552 est
1163 3501 1366 3567 insigniterque
1388 3503 1497 3569 paris,
1526 3508 1641 3554 serrata

491 3586 576 3637 etiarn
595 3584 732 3639 Bebksrn.
773 3586 876 3637 Riserit
895 3584 1043 3637 cavillator
1058 3598 1156 3637 vocem
1173 3584 1250 3636 illam
1273 3586 1421 3651 praeconis
1439 3594 1573 3653 tanquam
1591 3602 1640 3639 sa·

491 3686 554 3723 num
581 3672 660 3723 ritum
684 3670 886 3735 tionlnnumquo
913 3669 1033 3721 iulerum
1055 3668 1210 3733 libertatis;
1240 3675 1316 3722 certe
1337 3671 1517 3723 Atheniensis
1545 3670 1641 3739 populi

490 3758 610 3823 optimus
628 3756 743 3823 quisque
761 3754 875 3805 multum
894 3754 986 3805 ebibit
1002 3758 1035 3805 nt
1051 3752 1162 3805 rideret.
1197 3755 1258 3806 Vae
1270 3756 1395 3819 civitati,
1414 3757 1461 3806 eni
1472 3755 1548 3808 tales
1560 3758 1641 3821 ritus,

490 3856 558 3909 quus
580 3838 680 3907 religio
703 3841 796 3891 sanxit
819 3840 965 3903 maiorum,
993 3844 1057 3890 sunt
1078 3838 1225 3891 ludibriot'
1255 3839 1472 3892 Sebaeierns.
1512 3839 1558 3892 Ci.
1577 3842 1640 3896 cnr.

489 3926 530 3989 ἓξ.
551 3928 607 3978 ibt).
625 3928 684 3979 ἰδὲ.
725 3924 859 3975 Aristoer.
882 3924 907 3985 ὃ.
925 3924 966 3975 st.
1041 3922 1068 3987 b)
1087 3922 1137 3975 aul
1160 3924 1266 3975 delerit
1284 3919 1432 3991 Tap-lorus.
1472 3924 1641 3977 ‘Prueelare

490 4010 626 4077 Taylorus
647 4010 812 4077 superfluum
835 4013 863 4059 et
880 4007 1026 4059 delendum
1049 4024 1111 4060 esse
1128 4015 1297 4075 postremum
1313 4008 1376 4073 stri,
1398 4008 1482 4075 idque
1506 4010 1640 4063 indicium

491 4096 531 4147 lta
548 4110 642 4147 rerum
665 4099 722 4161 est,
744 4100 775 4145 nt
797 4092 866 4145 nibil
888 4093 1008 4158 emplius
1025 4092 1061 4143 ad
1078 4094 1228 4145 sanitatem
1245 4095 1301 4147 lori
1317 4097 1484 4161 requiratur.
1520 4095 1640 4163 Liquido

490 4180 570 4231 sinrttl
594 4186 725 4247 apparet,
749 4178 814 4245 quid
836 4178 944 4229 scribas
966 4178 995 4228 in
1018 4194 1137 4229 errorrm
1156 4179 1274 4233 duxerit.
1309 4195 1408 4247 nempe
1426 4196 1527 4231 nomen
1545 4182 1640 4247 psiu-

489 4262 552 4331 set,
576 4264 637 4315 seil.
655 4260 726 4329 elsi,
749 4280 803 4317 nnn
825 4262 953 4317 uiderunt
971 4278 1033 4314 esse
1054 4280 1104 4329 pro
1121 4258 1331 4329 φυλάττουσιν,
1353 4266 1391 4316 ab
1408 4281 1498 4330 eoque
1516 4267 1638 4333 pendere

488 4336 564 4409 ’ὅπως
580 4346 683 4417 psspdrlr
702 4348 766 4401 etr.‘
785 4350 834 4401 rr.
848 4350 879 4400 Α.
894 4346 1052 4399 ll'oliius.
1087 4344 1222 4409 Ostende
1235 4351 1366 4402 Reiskina
1383 4352 1542 4403 rectissime
1554 4350 1638 4403 intel·

489 4432 556 4483 lusit
574 4448 634 4495 rus.
653 4450 766 4499 quonum
785 4440 846 4485 srat
864 4434 971 4495 ridere,
996 4450 1031 4483 nr
1049 4433 1114 4499 quid
1131 4434 1289 4487 detrimenti
1305 4435 1399 4503 populi
1416 4436 1538 4487 libertas
1554 4454 1637 4504 eape-

489 4522 543 4573 τε),
573 4516 672 4583 quales
695 4526 774 4571 eraut
797 4520 970 4585 Areopapnts.
1001 4518 1230 4579 Tbrsmotbrtse.
1260 4521 1458 4583 Nomotbetae,
1488 4536 1636 4587 eorumque

488 4654 626 4705 instituta.
694 4654 904 4705 struantur.
929 4654 1010 4707 R-
1040 4600 1075 4704 dl
1088 4602 1187 4703 '1¹:2an
1222 4682 1252 4693 -
1283 4654 1316 4706 dl
1336 4656 1371 4707 Σ.
1389 4656 1464 4721 vulg.
1489 4682 1521 4694 -—
1553 4665 1633 4709 ornt.
