3950 5609
767 1463 1101 1545 PRAEFATIO.

859 1668 1011 1677 ———

346 1796 421 1901 Quo
447 1813 557 1884 studio,
589 1834 645 1894 ilua
675 1814 745 1883 tide,
776 1812 884 1895 quilius
912 1816 1006 1893 copiis
1035 1824 1102 1893 post
1130 1815 1337 1875 ltrrrrostirenis
1365 1817 1518 1877 contiones

346 1932 477 1993 eiusdem
502 1940 604 1996 contra
627 1934 802 1995 Aeschinem
826 1936 974 1995 orationes
998 1934 1091 2001 edidi,
1124 1934 1229 1993 iisdem
1253 1934 1329 1995 itane
1352 1937 1516 1996 orationem

346 2050 486 2113 adversus
521 2052 676 2133 Leptinem
708 2062 862 2115 tractatam
890 2053 1002 2122 eidem,
1038 2073 1093 2133 qua
1129 2052 1170 2112 iiii
1201 2053 1269 2114 libri
1298 2057 1516 2134 accepti-sunt,

348 2170 563 2233 benivolentiae
593 2172 769 2234 commendo
799 2184 886 2252 atque
914 2174 1017 2233 iarori.
1067 2172 1110 2232 iie
1140 2174 1391 2251 copiis'dieenda
1426 2193 1517 2253 quum

346 2290 417 2351 oiim
439 2292 510 2351 satis
532 2308 680 2371 superque
703 2291 779 2352 dicta
803 2310 868 2352 esse
892 2290 1060 2359 rideantur,
1088 2292 1145 2350 iam
1170 2291 1242 2350 niirii
1272 2300 1376 2362 restat,
1406 2295 1464 2353 nisi
1486 2301 1518 2353 ut

346 2412 455 2488 gratias
483 2428 567 2489 agam
594 2418 656 2470 tum
685 2410 895 2471 humanissime
925 2428 958 2470 ac
988 2411 1169 2489 peritissimo
1192 2410 1355 2481 iiruniere,
1387 2414 1516 2491 quiquo

289 2566 291 2573 ·
348 2531 420 2589 mira
459 2537 503 2589 est
539 2530 727 2589 accuratione
764 2530 872 2589 iterum
910 2531 1076 2608 iterumque
1111 2530 1277 2589 Parisinom
1315 2531 1448 2591 codicem
1487 2568 1518 2592 ..a

348 2646 433 2708 nobis
456 2649 631 2718 excusserit,
661 2658 723 2709 tum
746 2650 875 2727 Augusto
898 2648 1092 2709 Wiimounsie
1115 2648 1285 2719 Bremensi,
1315 2652 1367 2729 qui
1398 2652 1440 2711 vir
1464 2651 1516 2711 de-

346 2768 494 2829 ctissimns
517 2766 684 2829 Florentiae
712 2770 755 2829 rei
786 2770 907 2829 criticae
931 2787 1019 2829 causa
1042 2768 1154 2846 degens
1176 2768 1409 2831 Laurentianum
1431 2769 1515 2831 iilum

345 2888 375 2947 in
411 2886 590 2947 Ferdinendi
624 2886 753 2977 Schnizii
786 2889 1001 2966 investigatoris
1038 2860 1201 2949 felicissimi
1237 2897 1266 2948 et
1299 2888 1515 2967 diligentissimi

346 3004 489 3066 itonorem
525 3004 662 3067 ‘Laan’
696 3006 882 3085 designatum
918 3015 946 3066 et
975 3008 1005 3066 in
1034 3006 1222 3066 Praefatione
1250 3016 1349 3067 nestra
1384 3009 1421 3069 od
1449 3008 1516 3071 ilias

346 3125 493 3185 orationes
517 3124 609 3186 editas
630 3146 658 3205 p.
683 3125 720 3186 lx
745 3124 872 3185 breviter
894 3124 1075 3185 deciaratum
1099 3125 1231 3185 codicem
1255 3144 1320 3186 mea
1345 3146 1431 3188 causa
1454 3130 1515 3187 sire

346 3244 443 3321 potins
466 3245 496 3303 in
519 3242 671 3303 literarum
694 3244 882 3305 commodum
906 3262 972 3303 cum
989 3243 1180 3304 Tanchnitzio
1204 3246 1334 3305 editione
1357 3246 1515 3307 contulerit

346 3360 381 3419 ad
405 3361 576 3440 Leptineam
599 3362 787 3441 reliquasque
811 3364 959 3423 orationes
987 3361 1120 3441 publicos
1142 3362 1294 3424 iudiciales
1317 3366 1424 3425 eximia
1447 3385 1513 3427 cum

346 3486 409 3538 arte
438 3498 472 3539 ac
499 3457 664 3558 prudentia.
716 3480 758 3541 De
791 3479 913 3561 reliquis
949 3490 1048 3541 autem
1083 3481 1205 3543 edendis
1234 3485 1334 3543 nescio
1368 3484 1448 3563 qnid·
1466 3484 1513 3545 dei

346 3600 437 3675 gratia
462 3597 534 3658 mihi
556 3600 620 3658 seni
643 3602 832 3661 concesserit.

409 3716 519 3777 liabam
536 3717 721 3779 Francoiurti
738 3738 763 3779 a.
780 3720 817 3780 ii.
835 3718 935 3781 idibus
953 3718 1131 3781 Octobribus
1147 3741 1171 3781 a.
1190 3722 1272 3781 [ient.
1291 3722 1509 3783 troductxtr.
