3950 5609
566 610 786 653 ornosrnnms
809 612 861 655 oe.
877 610 1042 655 sovnusos
1060 613 1228 659 nmnrsnn.
1425 596 1465 659 21

318 754 552 843 ὑπαρχούσαις
572 760 730 842 δωρεαῖς,
752 758 831 837 τοὺς
853 762 1037 845 χρησίμους
1057 758 1157 839 ὄντας
1177 765 1246 827 τῶν
1260 768 1367 847 τιμῶν
1381 762 1468 829 ἀπο-

316 872 463 945 στερεῖν.
495 861 526 925 εί
547 856 612 943 γὰρ
628 856 856 945 ὑπαρχουσῶν
871 862 1003 927 τούτων
1019 867 1146 946 φαῦλοι
1162 864 1218 928 καὶ
1233 862 1367 943 ἀνάξιοί
1377 890 1467 943 τινες

315 960 401 1028 κατὰ
418 961 491 1028 ’τὸν
512 961 662 1028 τούτων3
688 963 791 1045 λόγον
813 964 914 1029 είσίν·
946 966 981 1028 τί
1001 962 1063 1049 χρὴ
1091 967 1282 1049 προςδοκᾶν
1307 969 1465 1033 ἕσασθαι4

314 1066 425 1148 πότεῤ
452 1062 535 1130 ὅταν
557 1068 729 1143 παντελῶς
754 1064 837 1151 μηδὲ
864 1064 968 1131 πλέον
991 1065 1117 1153 μέλλῃ6
1139 1066 1245 1151 μηδὲν
1266 1063 1371 1133 εἶναι7
1396 1080 1467 1147 τοῖς

314 1176 475 1252 χρηστοῖς
490 1156 605 1245 οὖσινς
1476 1185 1501 1222 1⁰

377 1277 410 1335 8.
428 1266 520 1335 Ἔτιι
543 1272 662 1335 τοίνυν
682 1266 769 1353 ὑμᾶς
790 1268 918 1335 κακῶν
937 1270 1164 1355 ἐνθυμεῖσθαι
1186 1273 1254 1354 δεῖ,
1276 1269 1327 1337 ὅτι
1344 1273 1465 1338 ἐκτῶν

314 1448 485 1523 reipublicae
507 1448 676 1524 profuerunt.
708 1458 768 1505 uem
793 1450 816 1505 si
843 1448 1015 1505 monentibus
1041 1449 1117 1505 hisee
1142 1452 1270 1523 praemiis
1296 1451 1411 1525 improbi
1438 1461 1465 1509 et

313 1535 416 1607 indigni
440 1544 506 1591 suni
527 1532 610 1609 aliqui
637 1551 669 1590 ex
691 1535 807 1589 istorum
829 1536 979 1598 sementim
1008 1534 1073 1608 qnid
1095 1542 1152 1590 tum
1174 1536 1384 1609 exspectandum
1404 1540 1464 1599 erit,

314 1620 422 1693 quondo
440 1620 485 1682 hi.
502 1621 549 1695 qui
565 1618 704 1694 praeclare
720 1635 780 1675 sese
796 1626 909 1693 gerunt,
932 1636 965 1675 ne
980 1619 1050 1676 lueri
1066 1619 1175 1693 quidem
1191 1622 1337 1695 quidquam
1354 1623 1465 1680 omnino

313 1705 475 1763 lrabebunri

374 1792 405 1849 8.
431 1791 579 1847 Praeterea
594 1791 674 1847 etiam
691 1789 756 1847 illud
773 1788 849 1846 robis
865 1790 1089 1847 considerandum
1104 1799 1155 1854 est,
1173 1808 1204 1847 er
1219 1789 1312 1866 legum
1328 1793 1464 1856 instituto,

317 1908 525 1917 μ*

312 1974 359 2021 pro
383 1958 513 2025 indignis
534 1956 655 2007 habendi
674 1960 776 2011 essent,
811 1956 915 2008 Postea
935 1956 1043 2008 demum
1061 1958 1090 2007 in
1107 1957 1162 2008 hoe
1180 1959 1273 2023 eapite
1292 1965 1466 2024 opponuntur

312 2038 387 2103 τινὲς
406 2046 471 2103 τοῖς
491 2046 628 2109 χρηστοῖς.
666 2040 772 2103 Quodsi
789 2041 844 2091 iam
863 2032 944 2101 τινὰς
962 2040 1107 2109 vulgatum
1124 2044 1336 2108 praecessisset,
1361 2049 1464 2095 temere

311 2128 458 2179 sententia
481 2128 592 2181 rediret.
638 2126 732 2192 Neque
757 2130 799 2177 est
821 2127 847 2177 h.
866 2126 885 2179 l.
909 2141 984 2176 mera
1012 2126 1142 2193 repetitio
1164 2128 1290 2193 superins
1315 2128 1354 2190 (5.
1374 2132 1388 2177 1
1407 2131 1463 2193 sq.)

312 2215 461 2265 dictorum.
500 2214 587 2264 ‘Sane
606 2212 703 2263 endem
721 2227 793 2262 nune
809 2212 973 2277 proponitur
991 2227 1049 2274 res,
1069 2211 1119 2262 sed
1137 2210 1217 2262 modo
1229 2214 1393 2278 proponitur
1409 2229 1464 2263 non

312 2300 420 2353 eodem.
460 2297 524 2373 lllie
546 2288 578 2349 ml
601 2288 705 2349 ἄδικον
729 2297 768 2348 rei
792 2296 953 2361 respicitur,
978 2295 1026 2347 hie
1048 2286 1082 2347 τὸ
1099 2284 1223 2361 ἄλοχον)
1253 2297 1463 2351 11111101-

312 2384 387 2435 iins.
464 2381 491 2447 3)
511 2378 613 2435 τούτου
636 2382 742 2433 Aldete.
761 2382 794 2432 F.
813 2399 836 2431 υ.
854 2378 953 2431 Vinus.
980 2408 1010 2418 -
1036 2376 1144 2433 τούτων
1162 2382 1196 2432 Σ,
1215 2381 1319 2432 Lean.
1337 2383 1412 2449 vulg.
1431 2411 1464 2419 -

377 2470 418 2503 ων

312 2521 415 2573 τοῦτον
439 2520 540 2570 Vindl.
565 2546 597 2554 -
626 2508 733 2570 τούτων
755 2518 773 2572 i.
793 2534 816 2567 e.
841 2518 969 2582 Leptinis
992 2517 1108 2583 eiusque
1132 2518 1277 2570 sociorum.
1319 2518 1413 2581 ‘Quod
1435 2521 1464 2569 in

312 2607 391 2658 libris
408 2606 555 2671 plerisque
579 2609 622 2655 est
639 2595 744 2655 τούτων
769 2602 823 2653 etsi
846 2602 880 2652 de
898 2602 1018 2668 Leptine
1042 2603 1156 2668 eiusque
1174 2604 1259 2653 sociis
1276 2603 1399 2669 intelligi
1417 2622 1463 2671 po·

312 2696 378 2755 test,
401 2692 497 2741 minus
520 2694 613 2740 temen
638 2692 703 2754 epto
727 2688 845 2753 positum
867 2688 942 2737 foret
964 2693 1029 2753 post
1049 2686 1131 2753 plura
1149 2687 1206 2738 elie
1224 2690 1331 2739 numeri
1348 2689 1464 2755 pluralis

311 2780 440 2839 nornine,
472 2790 542 2841 quae
565 2772 749 2839 praecedunt,
779 2774 851 2823 inter
880 2786 951 2836 qnae
979 2772 1085 2823 nullum
1109 2772 1246 2837 estquod
1269 2774 1397 2839 Leptinis
1420 2790 1464 2825 so-

311 2863 414 2913 eiorum
433 2858 669 2926 significationem
687 2855 810 2910 hebeat?
830 2856 1045 2910 Dindoriius.
1079 2857 1116 2906 At
1134 2858 1170 2907 ci.
1191 2857 1211 2909 f.
1229 2856 1284 2922 leg.
1302 2859 1342 2919 55.
1359 2859 1401 2913 36,
1420 2862 1462 2912 37.

313 2950 367 2999 150.
387 2948 453 2999 154.
491 2946 591 2995 Orator
609 2944 680 2993 enim
700 2942 803 3007 digito,
828 2943 917 3004 faeie,
944 2946 1003 2992 toto
1022 2958 1137 3007 corpore
1157 2958 1290 2993 converso
1309 2943 1345 2993 ed
1364 2944 1463 2994 edver-

311 3033 400 3083 sarios
419 3031 495 3081 setis
514 3033 609 3095 operte
628 3026 750 3079 dicebat.
818 3024 845 3090 4)
865 3020 988 3078 ἔπεσθαι
1007 3028 1050 3076 sie
1067 3026 1166 3076 vinds.
1187 3026 1286 3092 prMel.
1350 3027 1376 3092 5)
1395 3044 1463 3080 ποτε

311 3117 407 3168 Vindl.
484 3116 511 3176 6)
530 3110 600 3179 μέλῃ
618 3112 679 3163 Ald.
699 3138 731 3149 -
754 3128 797 3163 om
815 3108 854 3165 Ω.
925 3109 951 3175 7)
971 3106 1045 3177 μηδὲ
1062 3107 1151 3163 πλέον
1168 3107 1257 3179 μέλλῃ
1274 3106 1368 3178 μηδὲν
1387 3106 1463 3164 εἶναι

312 3202 344 3255 Σ.
362 3201 474 3253 LeurS.
492 3227 523 3235 -
543 3198 589 3249 αλ.
608 3194 696 3264 μέλλῃ
713 3192 787 3265 μηδὲ
805 3192 897 3264 μηδὲν
916 3188 993 3247 εἶναι
1012 3196 1111 3246 Vindd.
1130 3223 1162 3231 -
1181 3190 1256 3262 μηδὲ
1275 3214 1318 3248 om
1337 3198 1411 3263 vulg.
1430 3224 1463 3233 -

311 3282 402 3353 μηδὲν
420 3280 513 3337 πλέον
531 3279 618 3350 μέλλῃ
636 3276 713 3335 εἶναι
730 3282 783 3333 hoe
801 3282 881 3333 hiatu
901 3282 1077 3333 scribendum
1090 3297 1152 3333 esse
1165 3283 1247 3333 iussit
1259 3282 1381 3333 Cobetus
1393 3283 1462 3337 Nor.

311 3373 401 3425 lectt.
420 3389 451 3438 p.
465 3370 525 3420 628.
562 3368 617 3419 Sed
636 3368 739 3433 optime
757 3366 884 3417 Klotzius
903 3367 1030 3429 Quaestt.
1051 3366 1117 3417 Orit.
1136 3369 1344 3433 permonuit:
1362 3366 1461 3430 .‘Loei,

312 3458 356 3507 ubi
379 3447 455 3509 οὐδὲ
477 3454 521 3505 vel
545 3448 619 3519 μηδέ
641 3452 780 3519 particule
804 3452 989 3517 praemittitur
1013 3457 1041 3501 et
1063 3467 1113 3517 per
1135 3452 1273 3518 quendem
1295 3453 1463 3517 epexegesim

312 3533 397 3592 οὐδέν
420 3540 469 3591 vel
487 3532 579 3605 μηδέν
603 3540 739 3603 sequitur,
763 3552 848 3602 saepe
872 3537 981 3587 suntin
1000 3536 1183 3601 suspicionem
1204 3537 1330 3596 adducti,
1356 3554 1464 3603 semper

315 3632 405 3677 nutem
427 3626 475 3676 his
499 3638 607 3688 quoque
630 3624 659 3672 in
682 3622 751 3673 leole
774 3620 847 3671 istud
868 3622 982 3671 verbum
1005 3637 1057 3687 quo
1081 3624 1202 3688 pertinet
1227 3616 1296 3673 οὐδὲ
1318 3622 1363 3673 vel
1385 3617 1461 3687 μηδέ

312 3712 427 3761 maxime
451 3708 564 3759 effertur
582 3708 610 3757 in
629 3708 761 3759 erutione.
796 3708 874 3759 Dem.
888 3705 948 3759 Cor.
961 3706 984 3767 5.
1000 3708 1058 3758 ise
1077 3706 1096 3757 f.
1110 3707 1165 3773 leg.
1178 3708 1202 3769 5.
1218 3710 1275 3760 118.
1307 3708 1389 3772 Lept.
1401 3708 1424 3768 5.
1439 3708 1461 3757 λ.

313 3796 396 3847 tliror
415 3798 512 3846 eutem
532 3792 602 3859 quod
622 3792 789 3843 Schseierus
807 3807 837 3843 se
856 3791 971 3857 negavit
995 3790 1061 3855 quid
1082 3786 1156 3859 μηδὲ
1178 3793 1224 3843 hie
1247 3792 1357 3844 valeret
1379 3793 1462 3843 intel-

314 3880 409 3947 ligere.
437 3884 483 3930 est
507 3880 579 3929 enim
602 3878 655 3929 hoe
678 3878 737 3928 iere
756 3878 835 3928 modo
855 3876 972 3927 dietum:
1004 3894 1076 3942 quum
1099 3880 1198 3929 omnino
1222 3894 1253 3928 ne
1277 3880 1342 3928 lucri
1364 3879 1463 3944 quidem

312 3968 408 4028 [aeluri
428 3968 484 4016 siut
506 3967 636 4030 quiequam
658 3964 682 4013 ri
698 3964 741 4029 qui
756 3962 815 4013 doni
831 3964 883 4013 rint
899 3962 979 4021 cives,
1003 3965 1091 4013 nedum
1111 3971 1139 4012 ut
1155 3965 1220 4013 ratis
1236 3964 1314 4027 diprm
1330 3966 1404 4013 laude
1421 3979 1463 4013 or-

315 4060 410 4105 nentur.
458 4049 563 4100 Eodem
589 4047 669 4099 modo
691 4048 851 4114 Antiphoni.
877 4046 923 4097 Or.
953 4047 996 4097 De
1021 4046 1116 4098 Caede
1138 4046 1259 4099 Herodis
1285 4049 1310 4109 5.
1331 4049 1362 4098 16
1387 4041 1461 4113 μηδὲ

314 4131 397 4187 πλέον
416 4127 498 4187 εἶναι
516 4134 618 4183 dietum
640 4131 700 4184 est.’

378 4216 408 4276 8.
448 4218 473 4285 1)
493 4220 533 4281 55.
552 4220 644 4269 8-10
668 4232 728 4268 eum
752 4218 776 4278 5.
797 4218 828 4269 18
851 4218 949 4269 melius
973 4222 1174 4269 connectuntur
1196 4233 1278 4283 quom
1297 4233 1358 4267 eum
1376 4219 1400 4279 5.
1421 4220 1460 4280 11,

316 4306 406 4369 itaque
424 4308 491 4371 post
508 4304 532 4365 5.
554 4306 584 4354 i'l
604 4302 825 4369 transponendae
844 4318 905 4354 esse
927 4302 1057 4355 videntur
1073 4303 1216 4354 Nitzsehio
1239 4303 1281 4353 De
1300 4303 1461 4355 treioiendis

317 4391 440 4454 partibus
458 4406 486 4455 p.
503 4391 536 4440 92
555 4404 615 4454 sqq.
649 4388 780 4440 Attamen
799 4388 898 4441 τοίνυν
918 4391 942 4450 5.
961 4390 977 4440 8
1003 4394 1046 4439 est
1063 4380 1269 4455 μεταβατικόν,
1292 4402 1348 4439 non
1365 4389 1461 4439 συλλο-

317 4467 455 4539 ῃιστινόν,
486 4489 541 4539 que
568 4472 707 4539 particule
735 4474 769 4524 od
793 4475 877 4525 aliem
900 4490 957 4523 rem
985 4479 1079 4525 oretor
1100 4472 1318 4541 transgreditur,
1341 4489 1396 4525 non
1419 4490 1460 4524 se·

318 4560 427 4625 quentia
446 4558 589 4611 eoneludit
607 4575 621 4609 e
640 4562 821 4625 praegressis.
842 4587 872 4597 —
896 4559 1037 4610 Proxime:
1062 4557 1168 4625 κυρίων
1184 4553 1279 4624 νόμον
1297 4574 1461 4625 quamquam

318 4634 407 4709 νόμων
425 4646 554 4710 superius
572 4644 657 4695 habet
674 4644 772 4699 Vindl.
1362 4651 1367 4657 ’
