3950 5609
575 538 797 583 nuuosrunnrs
812 539 864 583 on.
879 537 1042 583 supensos
1057 538 1225 582 securunio.
1430 518 1469 584 41

320 692 403 777 ήκει
415 689 578 769 κολάζειν.
592 684 680 753 ὅτε16
692 686 729 753 dl
742 672 842 753 τοῦτο
854 685 898 772 μή
913 691 1087 753 ποιοῦσιν·
1097 688 1122 729 ¹⁷
1133 684 1215 755 οὐδὲ
1226 684 1287 755 τὸν
1302 688 1405 771 λόγον
1416 686 1471 753 αι’»
1512 669 1516 677 ’

321 803 397 869 τοῖς
412 796 534 857 τοῦτον
543 790 567 831 ¹⁹
582 789 729 855 λεκτέον.
776 788 846 873 (25)
860 790 926 855 Καὶ
941 786 1008 874 μὴν
1023 789 1100 873 περὶ
1115 794 1176 856 τοῦ
1190 814 1230 874 γε
1239 788 1284 875 μή
1297 785 1384 855 είναι
1396 790 1472 877 χρή·
1486 808 1510 847 1⁵

321 918 414 979 ματα
431 889 530 959 κοινὰ
545 895 586 977 τῇ
603 889 710 971 πόλει,
731 890 834 957 ἐκεῖν’
847 888 934 976 ὑμᾶς
946 894 1001 957 dei
1009 903 1161 975 σκοπεῖν,
1176 890 1228 958 ὅτι
1239 889 1343 959 οὐδὲν
1355 891 1471 960 ἔσεσθ’

323 994 573 1081 εὐπορώτεροι,
595 990 672 1069 τοὶς1
694 990 844 1070 ἀτελείας
865 990 925 1059 ἐὰν
946 990 1129 1079 ἀφέλησθε.
1168 992 1294 1077 οὐγὰρ
1316 1006 1475 1061 κοινωνεῖ

323 1108 399 1176 ταῖς
414 1094 608 1182 δημοσίαις2
623 1093 800 1179 σροςόδοις
814 1096 871 1161 καί
886 1098 1097 1180 περιουσίαις
1114 1100 1222 1169 ταῦτα
1240 1094 1472 1181 τάναλώματ’3

323 1295 402 1370 quod
424 1301 613 1368 argumentum
630 1293 737 1365 quando
759 1294 804 1349 isti
825 1292 982 1367 defugiunt3
1010 1309 1180 1366 nequaquam
1203 1293 1343 1349 terendum
1359 1301 1415 1356 est,
1441 1303 1473 1351 ut

322 1382 407 1437 istam
422 1380 555 1437 rationem
576 1378 676 1435 dicant.
719 1376 782 1449 (25)
804 1378 856 1433 hun
878 1377 911 1435 de
931 1378 1064 1435 exhausto
1085 1379 1204 1445 aerario.
1225 1379 1347 1453 cogitare
1367 1378 1473 1436 debetis

322 1482 374 1523 vos
400 1465 485 1521 nihilo
514 1464 684 1538 copiosiores
709 1462 768 1519 lore
795 1462 934 1537 abrogatis
959 1462 1186 1519 immunitatibus.
1221 1480 1311 1537 neque
1333 1465 1405 1520 enim
1425 1464 1471 1521 isti

323 1556 454 1625 sumpius
475 1567 535 1607 oum
558 1548 676 1623 publicis
692 1546 871 1623 vectigalibus
887 1557 914 1605 et
930 1546 1029 1623 opilius
1045 1564 1187 1605 comarune
1202 1550 1348 1623 quicquam
1363 1549 1472 1613 hahent,

322 1751 388 1805 Vid.
407 1756 466 1802 not.
485 1752 524 1803 13.
542 1776 577 1787 -
593 1777 628 1786 —
649 1740 755 1813 τρόπον
773 1746 848 1815 (post
865 1719 1012 1817 προςνγιιει)
1094 1736 1144 1810 οὓς
1162 1766 1205 1801 om
1223 1749 1336 1803 ludnld.
1354 1750 1472 1817 indeque

611 1834 648 1869 αν
691 1849 696 1863 ·

321 1888 448 1957 quldV.
518 1886 561 1951 16)
586 1901 632 1938 ore
654 1886 680 1936 Ιι.
706 1912 740 1922 -
769 1884 811 1936 Cf.
831 1886 854 1947 ξ.
873 1886 915 1937 28.
939 1886 975 1936 ad
995 1886 1127 1951 Symmor.
1151 1888 1174 1949 ξ.
1195 1890 1219 1938 7.
1290 1886 1332 1951 17)
1352 1884 1473 1938 ποιόσιν

321 1974 411 2040 Augl.
431 1972 455 2026 lc.
527 1970 569 2039 18)
587 1968 671 2023 τοῦτο
689 1968 761 2038 μιΣ,
781 1972 859 2036 antiq
877 1986 894 2021 ν
912 1970 1029 2022 addidit.
1047 1968 1087 2025 Ω,
1106 1989 1128 2025 r.
1147 1988 1169 2024 s.
1187 1970 1283 2024 Vindt.
1302 1974 1327 2021 4.
1341 1996 1374 2009 -
1391 1987 1436 2022 om
1452 1980 1472 2027 t.

393 2052 443 2113 25.
479 2055 505 2121 1)
524 2054 574 2123 τῆς
591 2064 609 2107 t.
662 2056 689 2122 Ξ)
709 2054 876 2123 (δημοσίαις
892 2056 922 2106 in
940 2061 1058 2121 quatuor
1075 2057 1219 2107 literarum
1230 2071 1329 2109 rasum
1340 2058 1472 2123 scriptum

322 2143 354 2193 iu
367 2142 396 2194 Σ
406 2158 455 2209 pro
473 2139 625 2207 uocabulo,
645 2140 718 2207 quod
736 2142 770 2191 ab
790 2158 811 2191 ιο
828 2140 873 2193 vel
892 2156 907 2192 o
925 2140 970 2193 rel
983 2157 1003 2191 α
1016 2142 1155 2208 incepisse
1168 2139 1296 2193 uidetur!
1326 2141 1471 2193 Dindor·

321 2228 395 2279 lius
419 2228 448 2278 in
465 2226 559 2281 Praei.
578 2228 594 2277 3
616 2242 643 2291 p.
661 2224 761 2276 XXXI.
797 2222 964 2293 ιδημοσίαις
982 2227 1071 2291 prima
1088 2230 1120 2276 ut
1136 2228 1245 2292 opinor;
1268 2225 1376 2291 siquid
1396 2225 1472 2277 aliud

320 2314 428 2381 prime,
446 2311 481 2363 de
499 2328 532 2364 eo
550 2311 669 2363 eruendo
684 2310 885 2377 desperandum
898 2308 963 2363 ast'
983 2310 1185 2362 Mounierns.
1221 2312 1316 2376 Neque
1330 2325 1381 2375 ego
1393 2311 1470 2375 quic·

322 2414 406 2465 quam
430 2398 551 2463 reperire
570 2400 704 2462 poteram.
773 2394 800 2460 3)
819 2384 903 2447 ταῦτ’
921 2386 1090 2460 α’νοὶλωματ’
1107 2398 1195 2462 Augl.
1219 2423 1251 2432 -
1275 2394 1329 2458 Qui
1349 2396 1472 2461 sequitur

321 2488 399 2536 totus
411 2481 488 2534 locus
500 2481 585 2548 vulgo
597 2481 638 2532 sio
651 2480 816 2531 constitutus
830 2485 885 2531 ests
898 2480 992 2543 qulc
1005 2475 1038 2532 dl
1051 2471 1158 2532 τούτων
1170 2476 1235 2531 νυνί
1247 2478 1281 2547 τῇ
1292 2472 1374 2533 πόλει
1386 2476 1471 2532 δυοῖν

320 2560 454 2634 decoctu
471 2556 582 2629 ὄντοιν,
601 2558 727 2618 πλούτου
745 2581 774 2617 τε
787 2563 900 2618 καὶτοῦ
910 2582 957 2630 seq.
970 2554 1019 2617 ὅτι.
1031 2560 1234 2629 πιστεύεσθαι,
1252 2557 1350 2633 μεῖζόν
1367 2558 1427 2617 ἐστι
1438 2558 1470 2617 τὸ

321 2650 374 2717 τῆς
391 2652 512 2710 πίστεως
524 2641 655 2716 ιἰιιοὶργον
672 2644 752 2717 ἡμῖν.
788 2650 895 2701 ‘Verba
913 2652 954 2702 sic
973 2650 1111 2703 collocuta
1128 2654 1203 2712 sunt,
1222 2654 1254 2700 nt
1271 2656 1300 2701 et
1316 2650 1429 2701 divitias
1443 2654 1472 2701 et

321 2736 440 2804 gloriam
458 2737 526 2803 reip.
545 2736 667 2787 tribuere
685 2734 845 2799 videantur,
864 2737 918 2786 etsi
936 2738 1056 2801 pecunia
1074 2738 1101 2786 ei
1119 2735 1199 2787 desit.
1236 2735 1342 2799 Quodsi
1357 2735 1472 2800 lupiani

323 2836 442 2889 sequare
460 2822 640 2884 senteutiam,
659 2820 745 2871 verbu
764 2816 830 2871 vovi
846 2818 881 2887 τῇ
893 2811 975 2873 πόλει
992 2820 1145 2872 omittendo
1162 2824 1260 2872 crunt’
1286 2819 1470 2871 HWollins.

322 2908 426 2961 ‘Miror
438 2906 484 2958 rel
495 2905 624 2957 Wollium
642 2905 688 2957 hic
706 2905 830 2956 haesisse
848 2904 893 2957 vel
912 2905 1082 2957 scholiasten
1100 2906 1230 2970 conqueri
1242 2905 1276 2956 de
1289 2906 1470 2959 obscuritate.

284 2990 287 2997 “
322 2993 439 3044 Vestes:
457 3008 530 3057 quum
541 2992 592 3043 duo
603 2992 669 3057 reip.
681 2996 862 3056 proponantur
873 2990 952 3051 bona,
970 2989 1081 3042 scilicet
1097 2995 1187 3041 utrum
1199 2992 1366 3042 retineamus
1379 2990 1470 3053 fidem,

323 3076 403 3127 cuius
422 3075 552 3142 opinione
571 3075 781 3133 emerserimus,
801 3090 836 3124 an
856 3090 890 3125 ea
908 3074 1005 3126 valere
1023 3076 1109 3139 iussa,
1127 3090 1194 3140 opes
1213 3074 1341 3142 publicas
1358 3091 1470 3127 coacer-

322 3175 433 3223 vamus,
457 3160 555 3227 quibus
577 3160 732 3227 indigemus
755 3157 863 3225 magis)
892 3160 1070 3224 Taylcrus.
1107 3159 1235 3210 ‘Invideo
1259 3160 1359 3211 neuris
1382 3160 1470 3211 edito·

322 3246 415 3310 ribus,
443 3246 542 3311 quihus
562 3243 657 3297 facilis
679 3244 724 3295 hic
748 3244 824 3295 locus
847 3244 922 3296 visua
941 3250 992 3295 est.
1023 3260 1066 3295 me
1085 3244 1159 3295 enim
1175 3244 1266 3298 nullus
1282 3246 1311 3295 in
1329 3249 1390 3296 tota
1408 3260 1471 3296 ors·

323 3332 399 3382 tione
417 3332 497 3396 peius
514 3332 639 3393 vexavit,
658 3332 703 3391 nt,
723 3330 745 3378 si
765 3330 836 3379 torte
855 3330 915 3395 ipse
929 3344 990 3379 auru
1002 3344 1109 3390 nexem,
1128 3328 1198 3379 nihil
1210 3331 1306 3380 mirum
1319 3331 1364 3381 sit.
1398 3330 1470 3381 Illud

322 3414 558 3483 evidentissimum
583 3420 639 3478 est,
670 3413 780 3465 Graece
808 3428 863 3463 non
889 3412 941 3464 hoe
963 3414 1018 3465 sibi
1040 3414 1125 3476 velle,
1154 3415 1220 3479 reip.
1243 3431 1309 3465 ιιαιιο
1330 3416 1380 3465 daeo
1403 3415 1470 3467 bona

322 3502 423 3560 adesse,
441 3516 504 3566 opes
522 3508 548 3551 et
560 3502 645 3564 tim.
672 3514 734 3549 nam
753 3499 803 3549 tali
821 3497 915 3548 sensui
933 3498 1096 3549 adversatur
1114 3500 1188 3549 totus
1205 3498 1260 3549 loci
1278 3503 1424 3551 contextus
1442 3506 1471 3551 et

322 3603 349 3652 p.
367 3586 431 3648 toa,
451 3589 476 3638 3.
512 3584 609 3637 Potius
631 3584 673 3635 ita
694 3585 823 3635 universe
847 3598 947 3649 capere
969 3582 1078 3634 licuerit
1099 3584 1186 3634 verba
1208 3582 1294 3636 δυοῖν
1317 3574 1415 3636 ὄντοιν
1435 3585 1470 3653 τῇ

322 3662 404 3722 πόλει
426 3660 569 3738 ἀγαθοῖν,
594 3686 666 3736 quern
689 3671 754 3720 duae
776 3685 820 3721 rea
836 3672 887 3719 sint
909 3669 1094 3720 allaberetur
1115 3669 1185 3722 hona
1204 3672 1270 3735 reip.
1289 3676 1404 3721 nostras.
1438 3676 1470 3721 ut

323 3756 376 3807 sit:
400 3757 545 3807 Praeterea
563 3771 636 3821 quesn
653 3756 751 3806 οιιιιίιο
769 3757 819 3806 duo
836 3756 928 3805 eadunt
946 3756 972 3805 in
989 3755 1055 3805 tanc
1072 3770 1151 3819 remp.
1171 3754 1249 3817 douo,
1273 3770 1336 3821 opes
1354 3758 1468 3820 cepides,

321 3842 450 3905 posterius
471 3841 530 3899 hoc,
558 3840 864 3907 quadrupedalem.
891 3839 1074 3905 praestabilius
1099 3848 1146 3892 ert.
1185 3840 1291 3891 Locum
1312 3840 1468 3893 simillimae

324 3926 426 3977 lormae
450 3928 600 3991 opportune
628 3926 740 3975 memini
763 3925 895 3977 hriatoor.
919 3925 1029 3991 pote,
1049 3926 1079 3975 1:
1110 3923 1195 3977 δυοῖν
1217 3917 1350 3992 ἀγαθοῖν
1371 3913 1468 3978 ὄντοιν

323 4006 411 4061 πᾶσιν
427 3999 609 4075 ἀνθρώποις,
629 4008 681 4061 τοῦ
698 4002 751 4075 μὲν
769 4001 932 4075 ἡγουμένου
949 4007 1000 4061 καί
1017 4008 1153 4077 μεγίστου
1169 4002 1298 4076 πάντων,
1317 4007 1371 4062 τοῦ
1387 4000 1468 4062 εὔτο-

324 4096 399 4160 γιῖν,
422 4091 473 4145 τοῦ
496 4084 526 4145 δ’
546 4085 694 4154 ἐλάττονος
717 4120 751 4132 -
773 4092 824 4146 τοῦ
846 4092 939 4153 καλῶς
961 4088 1165 4160 βουλεύεσθαι,
1189 4084 1241 4160 οὐχ
1263 4085 1316 4160 ἅμ’
1334 4086 1352 4162 ἡ
1370 4092 1469 4162 κτῆσις

323 4178 532 4245 παραγίγνεται
549 4182 610 4239 τοῖς
628 4170 804 4244 ἀνθρώποις.
841 4178 913 4245 [Non
930 4195 963 4230 eo
982 4180 1044 4230 loco
1058 4179 1092 4247 τῇ
1103 4174 1184 4231 πόλει
1197 4179 1399 4232 Demosthenes
1412 4179 1467 4231 col·

323 4264 440 4325 locavit,
461 4264 510 4315 nbi
532 4264 580 4315 Fr.
598 4264 630 4317 Α.
649 4263 778 4328 Wolflue,
806 4268 837 4314 ut
859 4264 934 4315 illam
957 4266 1125 4317 sententiam
1148 4265 1390 4330 interpretaretur,
1413 4264 1468 4315 sibi

324 4346 481 4413 concessit]
521 4348 575 4400 Sed
599 4348 640 4400 sio
659 4364 766 4415 quoque
790 4349 904 4401 offendit
927 4364 976 4400 uos
1002 4350 1075 4401 νυνί.
1119 4349 1197 4413 Quod
1221 4364 1273 4415 quo
1297 4350 1467 4415 insequere

324 4432 413 4497 qratia
436 4433 575 4484 trahemus
599 4433 634 4485 ad
657 4427 755 4499 μεῖζόν
777 4427 833 4486 ἐστι
864 4432 971 4501 [potius
995 4434 1030 4485 ad
1053 4426 1130 4487 ἐστίν
1152 4425 1295 4501 ὑπάρχον]
1318 4435 1348 4485 in
1371 4434 1468 4487 ultimo

324 4516 459 4568 membro?
494 4516 666 4585 Quamquam
688 4518 739 4569 hoc
766 4518 846 4570 morlo
869 4520 993 4571 iunxisse
1015 4518 1126 4571 videtur
1147 4518 1325 4583 scholiastes,
1353 4524 1468 4587 questus

325 4604 350 4651 ct
371 4602 431 4667 ipse
454 4594 601 4668 ἀσάφειαν
618 4600 669 4668 τῆς
687 4596 795 4667 λέξεως.
833 4603 936 4657 (luntre
959 4620 1008 4655 suo
1032 4603 1093 4656 loco
1115 4604 1242 4657 relictum
1263 4602 1330 4659 νυνί
1347 4604 1467 4671 intelligi
