3950 5609
539 550 582 617 64
777 570 997 615 nnuosrncnrs
1017 572 1069 615 oa.
1084 566 1249 614 mucosus
1267 566 1435 616 urrumnai.

539 718 589 786 olo
611 717 728 806 ὑμῖν,4
756 718 778 804 ἢ
797 723 868 797 τοῖς
888 712 988 803 ἦττον
1009 716 1101 796 ἄξιος
1120 715 1342 802 ἀδικηθῆναι,
1367 719 1389 803 ἢ
1409 719 1642 807 πρῶτονμὲν
1668 722 1703 787 εἰ

513 820 677 907 ιτιαριι1ιι5
702 826 748 909 τῷ
772 826 830 907 τῆς
855 821 983 899 πόλεως
1006 818 1192 905 ἀτυχήματι
1216 824 1347 906 μᾶλλον
1371 820 1480 889 ἕλοιτο
1499 820 1579 899 τούς
1603 820 1699 889 ἄτυ-

539 925 701 1010 χοῠνταςθ
728 924 784 989 καὶ
809 921 872 1008 τήν
897 920 1007 1008 παρὰ7
1033 924 1163 988 τούτων
1184 922 1300 1006 χάριν,
1325 921 1399 1007 ἥτις
1421 922 1499 989 τοτ’
1521 926 1700 1009 ἔμελλειι3

538 1030 694 1111 ἔσεσθαι,
713 1024 735 1111 ἦ
754 1022 834 1103 τούς
855 1026 913 1091 do⁹
935 1025 1054 1112 ἐκείνῳ
1073 1029 1120 1110 τῷ
1140 1024 1251 1113 χρόνῳ
1266 1025 1513 1110 κεκρατηκότας
1526 1029 1583 1092 καὶ
1600 1024 1698 1110 παρ’

461 1184 469 1196 .
537 1121 588 1206 οἷς
601 1120 662 1215 ἦν,
679 1127 908 1213 decimitertii,
925 1126 1042 1212 ἑτέραν
1057 1127 1205 1211 χρείαν11
1222 1126 1324 1211 ἰδών,
1346 1128 1379 1193 εἰ
1392 1131 1548 1212 φαίνοιτο
1564 1126 1700 1205 διδοὺς

540 1358 592 1399 nus
611 1342 712 1415 «lignus
732 1341 769 1397 sit
788 1340 835 1415 qui
850 1339 983 1397 alliciatur
999 1342 1111 1403 iniuria.
1131 1357 1212 1415 quam
1226 1341 1344 1415 priunum
1359 1343 1400 1404 si.
1420 1358 1505 1415 quum
1519 1341 1588 1399 eladi
1607 1340 1698 1397 urbis

450 1477 456 1491 ,
539 1427 722 1493 interfuisset,
738 1424 912 1483 calamitosos
927 1435 955 1482 et
970 1443 1080 1487 eorum.
1096 1442 1276 1501 quaeeunque
1292 1426 1398 1483 taudem
1415 1427 1505 1485 futura
1520 1437 1607 1489 esset.
1624 1444 1697 1500 gra·
1776 1467 1778 1510 l

539 1514 602 1568 tiam
630 1512 753 1568 moluerit
780 1527 929 1585 querneus
951 1513 999 1585 qui
1025 1511 1073 1567 illo
1097 1521 1220 1585 tempore
1241 1514 1361 1568 vicerunt
1381 1520 1409 1567 et
1429 1513 1502 1587 opud
1522 1530 1594 1587 quos
1618 1522 1697 1572 erat.
1776 1559 1777 1592 p

538 1596 635 1654 deinde
657 1606 747 1655 autent
767 1596 805 1659 si,
827 1596 879 1653 aliu
900 1598 1062 1653 necessitate
1081 1596 1281 1660 enIrnodversa.
1302 1597 1446 1654 manifesto
1467 1600 1614 1673 pecuniam
1636 1598 1695 1654 lar-

542 1754 723 1761 --—--—-———
737 1754 741 1760 .

539 1846 669 1897 adbibere
693 1850 821 1913 poterant
844 1848 927 1898 etiarn
945 1863 1000 1899 non
1017 1862 1181 1914 praegresso
1198 1864 1265 1900 nero
1284 1850 1484 1916 comparativo,
1507 1854 1538 1899 ut
1554 1854 1621 1915 post
1640 1864 1694 1899 vo·

540 1929 642 1981 cabula
659 1930 778 1998 eligendi
797 1948 832 1983 ae
850 1932 1034 1987 discernendi.
1069 1932 1141 1984 Vide
1160 1949 1228 1999 quos
1246 1923 1344 1985 citavit
1355 1934 1504 1987 Hermann.
1517 1934 1552 1984 ad
1564 1934 1693 1989 Luciam.

538 2016 610 2067 Ilist.
625 2016 768 2068 Conscrib.
782 2034 808 2084 p.
824 2020 884 2078 rut,
905 2018 932 2067 in
951 2018 1047 2083 primis
1065 2018 1188 2069 Nitascb.
1203 2018 1238 2069 ad
1249 2020 1323 2071 Plat.
1340 2020 1398 2071 Ion.
1413 2033 1440 2084 p.
1454 2020 1487 2070 'to
1499 2034 1557 2085 sqq.
1588 2020 1693 2069 Klotz.

539 2101 574 2151 ad
592 2103 694 2155 Devar.
712 2102 741 2153 II
758 2118 785 2169 p.
803 2103 853 2155 586
871 2118 929 2168 sqq.
969 2104 1062 2154 Etiam
1080 2105 1128 2155 ubi
1146 2104 1222 2171 optio
1240 2103 1345 2155 iudicio
1362 2104 1530 2177 deliberanti
1547 2103 1692 2169 relinqui-

538 2193 595 2250 tur,
617 2193 778 2254 usurpatum
796 2186 919 2239 ridemus
937 2178 969 2254 ἥ,
988 2191 1043 2239 etsi
1059 2188 1168 2255 μᾶλλον
1185 2205 1239 2241 nou
1257 2188 1412 2255 praeeedit,
1430 2195 1462 2239 ut
1478 2190 1506 2241 b.
1523 2188 1542 2240 l.
1560 2204 1691 2254 posses

463 2323 467 2336 ,
538 2273 678 2338 explicare
700 2271 760 2333 πῶς
782 2261 821 2325 ἂν
843 2268 969 2339 φανερὸς
992 2268 1118 2343 γένοιτο,
1144 2262 1164 2342 ἢ
1185 2270 1214 2326 εἰ
1235 2276 1254 2325 i.
1273 2290 1300 2340 q.
1321 2276 1443 2343 promotio
1467 2274 1692 2337 (deliberantibus

538 2374 570 2408 oc
595 2358 800 2423 comparantibus
825 2358 908 2421 volsis)
935 2359 1046 2424 patebit,
1076 2377 1149 2426 quara
1173 2361 1214 2411 ri?
1253 2359 1381 2411 Potueris
1407 2374 1567 2425 comparare
1595 2359 1689 2409 etiam

539 2442 657 2493 Salustii
679 2442 764 2497 Catil.
782 2459 844 2509 cap.
861 2444 895 2493 48
917 2444 940 2505 5.
959 2446 987 2495 5:
1018 2444 1056 2494 ‘in
1079 2446 1126 2495 toli
1147 2453 1259 2510 tempore
1282 2453 1354 2495 tento
1375 2447 1413 2495 uio
1433 2445 1539 2495 Ιιοτιίιιίι
1560 2444 1689 2494 leniunda

538 2544 625 2593 quoin
642 2530 801 2623 escaptpanua
818 2529 995 2581 uidebatur.
1031 2529 1195 2593 pariterque
1213 2545 1373 2596 comparare
1385 2528 1509 2595 Xenoph.
1521 2528 1600 2579 Hier.
1613 2527 1688 2579 VIII

538 2697 630 2761 intra,
662 2712 730 2763 quos
756 2696 801 2747 hic
826 2698 1001 2749 Graecismus
1029 2698 1167 2763 fugiebat,
1199 2700 1278 2750 varia
1306 2699 1474 2751 inserebant.
1513 2697 1686 2764 Neutiquam

538 2796 590 2847 par
606 2786 649 2832 est
666 2782 813 2834 Tlremistil
831 2798 870 2837 or.
889 2783 903 2833 Ι
925 2800 951 2849 p.
972 2786 1004 2833 13
1020 2802 1055 2826 =
1073 2785 1105 2833 14
1121 2782 1208 2835 Dind:
1232 2783 1454 2849 φιλανθρωπίας
1476 2774 1532 2850 γὰρ
1551 2781 1631 2835 ἴδιον
1651 2766 1686 2833 εὖ

538 2870 633 2919 ποιεῖν
659 2856 677 2933 ἢ
699 2866 800 2926 κακῶς.
835 2868 882 2918 ubi
910 2868 971 2919 loeo
1000 2865 1078 2919 toton
1107 2866 1253 2934 (proprian
1275 2872 1295 2919 i.
1314 2886 1337 2921 e.
1360 2872 1392 2919 ut
1411 2868 1568 2919 humanitas
1591 2867 1685 2934 magio

538 2950 665 3015 inclinet)
683 2945 812 3002 Reislrids
830 2968 975 3019 perperam
994 2942 1080 3019 ἥδιον
1098 2954 1227 3005 coniecit.
1262 2955 1304 3004 De
1324 2954 1373 3004 illo
1391 2955 1552 3005 Graeciano
1570 2953 1684 3004 omnino

539 3038 594 3089 vid.
619 3037 739 3087 Kiilrner.
764 3038 882 3089 Graium.
907 3038 939 3091 Τ.
956 3038 984 3089 11
1006 3054 1032 3104 p.
1051 3039 1101 3089 446
1124 3054 1165 3103 sq.
1189 3043 1217 3089 et
1239 3039 1272 3089 ds
1295 3040 1456 3091 Latinorum
1477 3022 1529 3089 usu
1551 3038 1683 3089 Graecis-

538 3137 610 3173 mum
633 3123 759 3186 sequenti
781 3122 834 3175 vid.
852 3123 937 3173 lensii
958 3124 1050 3177 Lecti.
1067 3124 1183 3173 Lucian.
1208 3138 1235 3189 p.
1253 3125 1303 3175 278
1321 3139 1381 3191 sqq.
1421 3124 1496 3176 Cort.
1519 3124 1555 3175 ad
1577 3122 1682 3173 Scluat.

540 3206 600 3257 Cat.
620 3223 681 3273 eap.
694 3210 727 3259 20
745 3206 843 3259 finem:
871 3208 947 3259 ‘Nisi
960 3209 1032 3272 sorte
1050 3211 1146 3259 animae
1161 3208 1230 3273 follit
1247 3218 1273 3260 et
1288 3226 1333 3261 οοι
1348 3212 1445 3260 armiro
1463 3226 1536 3275 ριιιιοι
1552 3202 1683 3275 (superare

527 3280 626 3357 'parati
643 3291 720 3345 estis!
756 3293 774 3345 i.
793 3309 817 3344 e.
838 3292 931 3351 vultis,
950 3298 980 3343 ut
997 3288 1139 3360 omissus
1156 3282 1183 3360 ἧ.
1219 3294 1299 3344 Haec
1318 3299 1361 3344 est
1371 3295 1524 3357 attractio,
1543 3301 1574 3345 ut
1590 3285 1683 3347 καλόν

539 3370 615 3429 ἔστιν
633 3370 653 3443 ἥ
670 3379 687 3429 ἰ.
707 3394 731 3444 q.
750 3378 837 3429 boumn
855 3386 893 3429 est
914 3380 991 3446 idque
1012 3381 1098 3430 melius
1121 3395 1201 3445 quom.
1237 3380 1299 3432 Vid.
1317 3380 1455 3430 Frllnseb.
1475 3385 1502 3430 et
1521 3379 1626 3445 Meyer.
1645 3380 1681 3430 ad

538 3462 644 3529 Evnug.
658 3464 756 3514 Matth.
770 3464 875 3529 XVIII,
894 3480 933 3515 vs.
946 3467 970 3515 8.
1006 3465 1100 3515 Possis
1114 3464 1197 3514 etiam
1210 3464 1239 3513 in
1251 3464 1390 3515 nonnullis
1409 3469 1484 3515 certe
1503 3464 1574 3515 locis
1593 3465 1681 3531 expli·

539 3564 604 3599 care
624 3548 788 3614 particulam
801 3538 821 3615 ἥ
834 3551 851 3599 i.
863 3566 889 3613 q.
907 3551 931 3598 in
943 3548 1128 3615 Verplee'cbonp
1139 3550 1189 3598 snit.
1209 3548 1271 3599 Vid.
1283 3548 1380 3599 Winer
1395 3550 1441 3601 Gr.
1452 3550 1486 3600 N.
1497 3550 1573 3600 Test.
1592 3566 1619 3615 p.
1630 3552 1681 3600 215

540 3634 581 3687 ed.
599 3634 644 3684 bt‘.
671 3634 738 3697 iqu.
758 3634 818 3684 citt.
855 3634 933 3695 Quae
958 3634 1108 3700 explicatio
1130 3632 1283 3699 simplicior
1301 3638 1345 3684 eet
1367 3649 1448 3698 quam
1466 3635 1621 3684 Hermanni
1644 3634 1681 3684 ad

498 3758 503 3777 ,
538 3718 632 3785 Viger.
649 3734 676 3783 p.
689 3718 753 3781 884,
776 3718 828 3769 hoc
845 3706 866 3784 ἦ
883 3719 991 3785 proprie
1010 3734 1071 3770 esse
1093 3720 1112 3773 i.
1130 3734 1157 3783 q.
1175 3735 1209 3769 on
1223 3719 1304 3781 sorte.
1338 3718 1436 3769 Potius
1454 3718 1481 3769 iu
1499 3718 1593 3770 multis
1610 3718 1681 3769 locis

539 3804 648 3869 proprie
666 3804 684 3853 i.
704 3819 729 3867 q.
746 3811 804 3865 out,
832 3810 863 3853 ut
880 3803 968 3860 Thus,
987 3804 1039 3867 VI,
1062 3806 1108 3855 ut:
1139 3796 1259 3870 αἰσχρὸν
1281 3796 1456 3869 βιασθέντας
1477 3796 1634 3866 ἀπελθεῖν,
1661 3792 1681 3868 ἢ

538 3879 659 3953 ὕστερον
678 3880 977 3955 ἐπιμιτατέμπεοθαι,
996 3896 1041 3939 out
1055 3896 1148 3954 posteo
1165 3892 1254 3954 copias
1271 3904 1413 3939 arcessere.
1447 3888 1481 3939 In
1500 3889 1563 3939 aliis
1581 3880 1602 3955 η’
1618 3894 1680 3955 poet

539 3974 686 4041 positivum
704 3988 778 4023 mere
797 3978 839 4025 est
856 3973 995 4039 particula
1013 3974 1128 4024 alterius
1147 3973 1381 4040 interrogationis.
1416 3972 1478 4025 Vrd.
1495 3972 1679 4023 Bornemann.

539 4059 574 4109 ad
592 4058 699 4125 Eveng.
718 4058 785 4112 Luc.
809 4058 868 4123 XV,
886 4060 912 4114 7.
951 4060 1053 4109 Verum
1075 4060 1105 4109 in
1127 4059 1261 4125 propositi
1280 4058 1489 4109 Demostlreniei
1511 4057 1565 4108 loci
1589 4058 1679 4124 priore

539 4143 658 4194 membro
680 4124 758 4194 nulls.
780 4148 822 4195 est
840 4146 1023 4210 comparatio,
1047 4144 1096 4195 sed
1112 4145 1221 4194 onrnino
1244 4149 1337 4195 orator
1364 4144 1520 4209 interrogat
1546 4142 1679 4207 quomodo

539 4231 600 4295 quis
627 4228 843 4281 benivolentiam
869 4230 897 4279 iu
925 4228 1054 4296 populum
1081 4229 1225 4281 ostendere
1253 4229 1353 4295 possit3
1385 4230 1510 4294 sequitur
1537 4244 1678 4295 eompara-

538 4316 578 4365 tio
607 4314 750 4365 demum'
743 4331 771 4365 ιιι
801 4314 889 4367 altero
916 4315 1045 4369 membro.
1092 4314 1134 4365 Oi.
1163 4314 1325 4366 Funkhaen.
1353 4315 1382 4363 in
1409 4312 1584 4367 Fleckeisen.
1608 4314 1676 4363 Anu.

541 4454 614 4503 1861.
632 4452 763 4507 Decemb
782 4454 879 4518 pmtel
949 4444 1012 4516 4)
995 4456 1065 4519 ημιν
1082 4453 1169 4517 Augl.
1186 4452 1211 4504 k.
1279 4451 1307 4517 5)
1325 4466 1419 4517 τιαροτ
1429 4434 1489 4506 rel.
1553 4452 1611 4518 θ)
1597 4381 1677 4517 111111

539 4534 718 4603 χοῦντιιςΩ.
788 4534 1014 4602 7)περ1711ι1117.
1083 4532 1244 4603 8)1μειιεο
1267 4552 1362 4589 ornnes
1379 4536 1454 4587 libri.
1489 4535 1532 4587 01.
1550 4536 1676 4599 Prolepg.

539 4620 658 4673 Gramm.
677 4624 754 4684 §.219
790 4615 1674 4687 utloonnlstmotinur.10)2psrcvstu.t.etw.011
