3950 5609
539 556 577 619 1ss
781 576 1004 621 nenosrnnme
1020 577 1071 618 on.
1088 574 1251 618 anteusus
1267 574 1435 618 nnerrnen.

536 721 665 808 οὐγὰρ
695 724 807 789 ἐκεῖνό
828 722 896 805 y’¹‘¹
925 723 1090 789 ἔνεστιν11
1120 724 1244 806 εἰπεῖν,
1273 718 1353 799 ὦς’ίθ
1380 720 1442 788 τάν
1467 718 1573 787 αὐτόν
1599 722 1686 804 νοό-

497 856 523 901 20
536 848 618 907 πον,
640 823 775 909 ὄναορ21
797 824 877 901 τοὺς
897 824 1066 907 ἔχοντας22
1080 822 1143 909 τὴν
1158 821 1290 907 δωρεὰν
1310 822 1468 902 ἀναξίους
1483 824 1635 908 ἐνόμιζεν
1642 825 1677 904 ‚²²

535 1024 558 1077 oi
575 1021 663 1077 dicere
680 1018 758 1083 iicet,
775 1037 804 1076 se
820 1021 915 1077 eodem
930 1020 1026 1083 modo.
1043 1037 1099 1093 quo
1115 1021 1284 1076 immunitate
1300 1019 1450 1093 gaudentes
1465 1019 1593 1093 indignes
1608 1019 1685 1075 indi·

536 1254 564 1305 in
587 1271 619 1305 eo
638 1270 692 1305 non
710 1256 799 1305 minue
817 1254 860 1305 vir
884 1251 1019 1318 quaedum
1042 1258 1084 1304 est
1101 1254 1206 1319 posita,
1238 1252 1309 1318 quod
1331 1268 1366 1303 ne
1390 1252 1475 1303 dandi
1498 1252 1607 1318 quidem
1630 1269 1684 1319 po·

533 1344 623 1389 testas
643 1339 760 1405 amplius
773 1339 987 1390 Atheniensibus
1005 1339 1043 1388 sit
1060 1353 1193 1389 eoneeeen
1212 1352 1326 1403 eamque
1344 1337 1433 1403 ipsum
1446 1338 1612 1403 gravitatem
1623 1338 1683 1388 De·

535 1425 651 1475 mettius
670 1424 858 1491 deprehendit.
894 1424 1050 1475 Exeuenbie
1067 1423 1154 1488 igitur
1170 1422 1216 1473 hie
1234 1422 1342 1473 hiatum
1359 1423 1413 1487 ita,
1434 1427 1465 1473 ut
1482 1422 1561 1474 dicae
1578 1424 1683 1473 Demo-

535 1509 659 1559 sthenem
678 1512 845 1575 gravitatem
864 1509 1024 1575 elegantiae
1044 1504 1226 1561 untetuliese.¹
1246 1507 1462 1560 Beneelerue.
1492 1508 1571 1562 Eiet,
1584 1524 1610 1573 p.
1622 1511 1682 1559 103.

537 1594 578 1656 18)
597 1586 625 1661 γ’
644 1610 687 1645 om
705 1594 801 1661 Appfr.
860 1593 903 1656 19)
921 1585 999 1645 tren
1015 1594 1103 1659 Augl.
1121 1621 1154 1629 -
1173 1588 1250 1645 ἔστιν
1267 1592 1353 1643 AidV.
1410 1593 1454 1657 20)
1473 1586 1511 1653 ὦς
1529 1586 1565 1645 ου’
1582 1593 1682 1660 Appsr.

534 1680 604 1729 Item
626 1678 717 1743 Mdv,
740 1680 788 1730 sed
812 1680 933 1730 deletum
958 1670 1001 1731 οὗ.
1070 1678 1114 1741 21)
1137 1668 1224 1742 ὅνπερ
1248 1693 1291 1727 om
1314 1695 1338 1731 r.
1406 1678 1452 1741 22)
1475 1670 1542 1738 rode
1561 1673 1682 1745 ἔχοντας

536 1754 671 1827 ἀφείλετο
697 1764 770 1815 libri.
806 1792 838 1801 -
872 1752 921 1823 οὓς
945 1758 984 1830 dg.
1009 1752 1061 1827 ἀφ.
1086 1764 1208 1813 coniecit
1229 1764 1464 1814 Westermannus.
1493 1765 1580 1815 hahet
1602 1764 1682 1814 nldv

536 1864 642 1913 quoque
662 1836 725 1913 οὓς,
751 1849 800 1900 eed
822 1850 931 1914 punctis
955 1854 984 1901 et
1008 1847 1085 1897 linea
1103 1850 1235 1898 notatum.
1271 1848 1331 1898 vid.
1351 1854 1406 1899 not.
1426 1851 1468 1901 23.
1537 1848 1580 1913 23)
1600 1847 1682 1913 νομί-

534 1933 589 1994 ζων
606 1932 665 1984 rel.
684 1933 753 1985 Mor.
772 1934 850 1985 Cant.
871 1934 950 1984 Lees.
969 1934 1001 1986 F.
1021 1941 1038 1987 t.
1075 1932 1105 1982 si
1122 1934 1301 1999 participium
1317 1932 1519 1984 Demosthenes
1538 1934 1681 1984 adhibuis-

535 2024 593 2080 set,
612 2011 747 2085 dixisset,'
766 2019 789 2069 si
809 2018 873 2083 qnid
892 2018 996 2082 sentio,
1020 2018 1149 2085 νομίσας.
1171 2045 1204 2053 -
1226 2008 1356 2084 ἐνόμιζεν
1373 2016 1407 2070 Σ.
1425 2018 1527 2069 Laan.
1551 2018 1628 2085 vulg.
1647 2047 1681 2055 —

535 2077 663 2151 ἐνόμιζεν
1103 2140 1132 2164 w
1164 2144 1172 2167 9

534 2154 655 2219 νομίζων
674 2154 707 2204 Χ.
745 2154 838 2206 ‘Fert
852 2155 999 2207 voluerunt
1016 2154 1059 2206 ilii
1076 2170 1136 2215 ους
1153 2152 1290 2217 ἀναξίους
1308 2146 1443 2221 ἐνόμιζεν.
1474 2154 1605 2222 Suspicor
1620 2160 1681 2222 qui-

534 2239 648 2289 busdam
672 2240 750 2291 libris
773 2240 837 2291 oiim
860 2230 995 2306 ἀφείλετο
1022 2240 1105 2307 plene
1133 2240 1258 2291 abfuisse
1281 2255 1397 2305 eamque
1422 2240 1572 2292 lectionem
1594 2242 1681 2307 probo

534 2325 590 2388 sie,
614 2330 644 2374 nt
662 2325 772 2391 legetur
789 2315 878 2389 ὅνπερ
896 2318 963 2385 τοὺς
983 2318 1101 2390 ἔχοντας
1124 2318 1201 2391 ἔχειν
1221 2317 1275 2391 τὴν
1297 2320 1409 2389 δωρεὰν
1426 2316 1565 2388 ἀναξίους
1583 2317 1681 2391 ἐνόμι-

535 2407 600 2470 ζεν)
624 2408 794 2461 Reiskiue.
836 2403 987 2472 *ἀναξίους
1010 2408 1132 2475 νομίζων
1154 2409 1289 2474 Tayiorus
1312 2408 1347 2460 ad
1364 2410 1424 2463 Fet.
1443 2411 1598 2465 verissime.
1624 2411 1680 2461 nisi

535 2494 595 2558 quie
612 2494 703 2559 potius
726 2498 868 2560 utramque
891 2510 989 2545 vocem
1012 2510 1046 2545 ex
1066 2496 1297 2561 interpretatione
1320 2499 1399 2560 putet
1419 2497 1563 2545 intrusam.
1598 2495 1678 2546 Ordi-

535 2594 597 2627 nem
619 2578 757 2629 disturbet
780 2572 916 2645 ἐνόμιζεν.
935 2608 968 2616 -
986 2580 1050 2631 Mox
1068 2580 1140 2631 male
1158 2581 1266 2630 iaciunt
1283 2581 1330 2645 qui
1347 2580 1478 2631 omittunt
1498 2574 1534 2631 τὰ
1552 2571 1678 2633 denteri!

535 2664 584 2718 Fr.
603 2662 635 2713 A.
655 2662 814 2716 Woiiius.
856 2664 942 2714 ‘Mira
960 2666 1094 2729 suspicio,
1121 2680 1182 2715 esee
1204 2680 1300 2731 posse,
1324 2666 1371 2731 qui
1392 2656 1533 2729 ἀναξίους
1555 2665 1679 2732 νομίζων

535 2764 568 2797 ex
592 2748 817 2813 interpretatione
841 2754 919 2815 putet
942 2750 1083 2799 intrusum.
1123 2750 1184 2800 Ηοο
1208 2750 1280 2801 enim
1303 2750 1328 2801 ei
1350 2750 1459 2816 deleas,
1482 2757 1679 2818 comparantur

534 2830 778 2898 incomparabilia,
804 2826 835 2884 τὸ
859 2828 1055 2899 ἀφαιρεῖσθαι
1077 2828 1133 2899 τὴν
1152 2828 1264 2898 δωρεὰν
1286 2839 1315 2885 et
1336 2827 1368 2886 τὸ
1390 2827 1530 2902 ἡγεῖσθαι
1546 2827 1675 2901 ἀνάξιον.

535 2918 589 2967 Sed
612 2923 716 2981 orator,
743 2924 774 2969 ut
796 2919 903 2981 debuit,
933 2919 1105 2984 comparavit
1126 2910 1179 2985 τὴν
1201 2918 1258 2971 τῶν
1280 2912 1389 2972 ἀτελῶν
1410 2911 1537 2983 ἀναξίαν
1558 2937 1619 2972 enm
1642 2920 1676 2987 τῇ

534 3000 585 3053 τοῦ
604 2996 698 3068 δήμου
715 2994 829 3070 ἀναξία.
869 3003 996 3055 Delenda
1015 3008 1107 3055 antem
1125 3004 1298 3071 hypostignre
1321 3005 1403 3072 vulgo
1425 3008 1518 3071 posita
1538 3012 1602 3072 post
1623 3005 1675 3057 dro-

533 3079 610 3152 peu'v.
643 3090 797 3153 syntaetiee
826 3090 899 3141 enirn
926 3088 1076 3139 cohaerent
1100 3077 1188 3154 ὅνπερ
1210 3081 1348 3154 ἀναξίους
1375 3090 1507 3157 νομίζων.
1543 3090 1621 3154 Quod
1650 3094 1673 3141 ei

533 3174 665 3239 seriptum
692 3180 766 3224 esset
791 3163 872 3239 ὄντες
895 3166 962 3233 τούς
990 3168 1108 3240 ἔχοντας
1130 3167 1307 3240 ἀφελόμενος
1329 3168 1382 3242 τὴν
1405 3170 1517 3240 δωρεὰν
1538 3170 1671 3239 ἀναξίους

534 3249 676 3324 ἐνόμιζον,
701 3260 871 3325 comparatio
895 3260 967 3310 foret
987 3261 1168 3311 manifestior.
1204 3261 1283 3311 Nune
1300 3277 1350 3326 per
1367 3260 1535 3313 metathesin
1554 3260 1619 3325 (not.
1637 3258 1670 3309 ad

534 3342 625 3397 thoi.
643 3343 770 3409 Apollon.
789 3344 876 3395 Rhod.
897 3360 922 3409 p.
944 3345 1299 3410 174)psu1um0bsoumta
1318 3350 1373 3409 eet,
1393 3361 1446 3412 qno
1466 3348 1555 3413 magis
1573 3347 1673 3397 existat

534 3430 609 3479 notio
633 3430 758 3495 inprimis
782 3430 932 3489 invidiose,
958 3421 989 3479 τὸ
1001 3420 1206 3495 ,ἀφαιρεῖσθαι
1228 3422 1282 3497 τὴν
1303 3423 1434 3496 δωρεάν)
1458 3430 1673 3482 Sehaeierus.

535 3513 659 3565 Kiotniue
678 3513 713 3564 ud
731 3515 834 3565 Devar.
855 3516 886 3565 Τ.
905 3515 934 3564 11
952 3531 978 3580 p.
997 3515 1030 3566 65
1053 3514 1177 3566 codicem
1195 3513 1223 3565 Σ
1242 3514 1426 3581 plurimosque
1449 3532 1567 3581 sequens
1590 3507 1675 3581 ἀφεί-

534 3600 598 3650 iero
680 3590 807 3665 ἐνόμιζεν
826 3604 923 3651 censet
946 3614 1007 3651 esse
1031 3599 1194 3663 asyndeton.
1232 3601 1270 3650 ‘ei
1288 3616 1336 3664 en,
1360 3602 1463 3667 inquit,
1487 3616 1542 3665 qua
1564 3617 1616 3667 par
1633 3606 1675 3651 est

533 3700 601 3735 voce
621 3700 708 3749 enque
726 3683 883 3749 indignanti
901 3684 1048 3735 celeritate
1128 3686 1328 3751 pronuntiatur,
1346 3701 1399 3737 nee
1418 3686 1488 3737 adeo
1507 3685 1620 3736 difficile
1634 3691 1676 3735 eet

535 3769 569 3819 ud
593 3768 802 3833 intelligendum
825 3774 853 3820 et
876 3770 989 3834 egregie
1012 3770 1178 3833 gravitatem
1201 3771 1318 3821 oratoris
1341 3786 1374 3821 ao
1395 3772 1450 3823 vim
1468 3770 1579 3837 prodit)
1615 3771 1675 3820 Hoc

534 3852 688 3919 asyndeton
711 3854 747 3904 nd
770 3854 927 3905 evitandum
952 3860 1017 3904 ente
1038 3846 1177 3918 ἀναξίους
1195 3856 1418 3907 coniunctionem
1436 3856 1608 3908 inserendam
1626 3854 1675 3907 uui

533 3940 712 3991 coniecerunt
724 3939 802 3990 nluv
820 3937 914 4004 (quum
934 3956 967 3990 ea
985 3927 1035 3999 οὓς
1053 3942 1180 4005 superius
1198 3940 1369 4006 delevisset),
1388 3941 1464 3992 nldss
1483 3946 1511 3993 et
1528 3942 1675 4007 Sauppins.

534 4024 638 4076 Contra
660 4026 766 4076 monuit
790 4027 1017 4077 Weetermennue
1040 4025 1068 4074 in
1091 4026 1168 4079 Diar.
1186 4026 1278 4091 Antiq.
1303 4027 1369 4077 1844
1391 4027 1442 4078 No.
1461 4029 1493 4078 rs
1516 4042 1542 4093 p.
1562 4028 1611 4077 579
1633 4028 1675 4076 eie

534 4111 645 4174 gravius
669 4116 734 4161 ente
757 4110 860 4161 dietum
885 4128 945 4161 esse
970 4115 999 4160 et
1022 4125 1133 4161 eausam
1152 4112 1230 4176 sequi
1246 4126 1399 4177 perperam.
1435 4114 1499 4177 Ipse
1517 4116 1574 4163 turn
1591 4110 1676 4162 maie·

534 4195 583 4245 bat
606 4184 659 4247 ὅτι
681 4189 819 4259 ἀναξίους
842 4189 979 4263 ἐνόμιζον.
1015 4196 1051 4246 At
1072 4196 1145 4246 idem
1166 4196 1217 4246 ille
1239 4201 1337 4262 postea
1362 4196 1524 4247 facillimam
1548 4196 1676 4247 emendu-

534 4281 634 4331 tionem
658 4267 707 4339 οὓς
731 4276 849 4347 ἔχοντας
871 4281 933 4333 loco
955 4276 1023 4340 τοὺς
1048 4275 1166 4346 ἔχοντας
1189 4283 1296 4332 invenit
1318 4281 1469 4333 comment.
1488 4282 1555 4334 Grit.
1573 4283 1587 4332 1
1605 4298 1632 4347 p.
1649 4285 1675 4332 3.

533 4365 646 4417 Deierit
668 4366 826 4417 Dindorfius
849 4362 984 4433 ἀφειλετο
1007 4368 1037 4416 in
1055 4367 1083 4418 Σ
1103 4367 1213 4418 lineolis
1238 4370 1387 4418 atramenti
1410 4368 1519 4432 antiqui
1541 4372 1673 4429 notatum,

534 4454 564 4498 ut
583 4465 598 4499 e
617 4452 805 4516 superioribus
822 4452 895 4502 male
913 4454 1070 4519 repetitum.
1107 4453 1223 4503 'I'uiibue
1240 4456 1313 4504 uotis
1331 4455 1417 4503 etiam
1429 4452 1539 4505 Euolet
1555 4454 1610 4515 uti,
1628 4452 1676 4502 ubi

533 4533 707 4600 negligenter
723 4538 836 4589 verbum
855 4538 899 4588 vol
917 4536 1025 4603 syllnhu
1043 4540 1162 4604 repetita
1179 4545 1240 4589 erut
1257 4557 1282 4591 ν.
1302 4556 1327 4591 e.
1345 4526 1527 4603 §.168va
1545 4537 1593 4587 uhi
1611 4536 1676 4588 ulti·

533 4634 604 4671 mum
628 4638 647 4671 α
667 4628 768 4687 puncto
792 4628 820 4673 et
838 4624 911 4674 linea
931 4630 972 4675 est
991 4630 1122 4679 notatum.
1159 4626 1183 4686 ξ.
1202 4627 1252 4675 31:
1275 4641 1392 4689 ονοντα,
1416 4626 1552 4692 repetitae
1575 4622 1674 4674 literae
