3950 5609
1125 581 1207 644 86
1616 602 2060 646 DEMOSTHBMS
2096 603 2197 646 on.
2228 604 2552 647 anvnnsus
2582 604 2914 648 nem-mm.

1126 748 1300 828 ὅςτις
1330 740 1410 815 εὖ
1439 759 1660 815 ποιεῖν
1690 745 1900 835 ὑμᾶςῖ
1928 751 2359 836 βουλήσεται,
2390 753 2680 836 μέλλων,
2727 750 2855 817 ἄν3
2883 751 3049 837 μὲν*
3081 750 3419 838 ἀποτύχῃ,

1125 857 1526 938 παραχρῆμα
1571 852 1770 937 δίκην
1810 851 2059 917 δώσειν
2103 863 2242 930 τοῖς
2284 854 2589 938 ἐχθροῖς,
2643 853 2769 920 ἀν’)
2811 854 2883 921 δὲ
2940 855 3423 941 κατορθώσῃ,“’

1126 952 1243 1033 τὰς
1271 953 1544 1040 χάριτας
1573 952 1732 1039 παρ’
1767 950 1961 1039 ὑμῶν
1992 952 2315 1032 ἀπίστους
2343 956 2552 1034 ἕξεινς

1072 1085 1099 1123 5
1253 1066 1355 1122 67.
1389 1057 1591 1123 Πάνυ
1622 1059 1859 1123 τοίνυν
1888 1054 2222 1143 ἀχθοίμην
2251 1056 2362 1141 ἄν,
2395 1048 2451 1122 ὦ
2480 1055 2725 1141 ἄνδρες
2752 1060 3087 1142 δικασταί,
3120 1061 3192 1125 εί
3221 1065 3424 1124 τοῦτο

1125 1158 1340 1244 μόνον
1383 1159 1683 1244 δόξαιμιι
1728 1162 2033 1225 δίκαιονῖ
2075 1170 2476 1245 κατηγορεῖν
2515 1164 2638 1225 τοῦ
2679 1161 2926 1245 νόμου,
2970 1160 3076 1227 ὅτι
3116 1158 3429 1238 πολλοὺς

1124 1261 1395 1338 ξένους3
1439 1257 1792 1346 εὐεργέτας
1830 1259 2213 1347 ἀφαιρεῖται
2255 1259 2380 1347 τὴν
2422 1259 2764 1345 ἀτέλειαν,
2818 1268 2956 1328 τῶν
2998 1263 3074 1330 δὲ
3114 1267 3430 1329 πολιτῶν

1124 1361 1362 1449 μηδέν’
1405 1361 1595 1442 ἄξιον
1647 1365 1964 1449 δοκοίην4
2020 1367 2197 1449 ἔχειν
2256 1364 2469 1442 δεῖξαι
2521 1368 2658 1429 τῶν
2712 1362 3108 1450 εὑρημένων
3161 1364 3429 1449 ταύτην

1051 1495 1102 1535 ιο
1130 1462 1252 1550 τὴν
1301 1465 1520 1551 τιμήν.
1598 1467 1711 1531 καὶ
1759 1464 1933 1550 γάρ5
1985 1459 2179 1531 τᾶλλ’
2234 1463 2444 1550 ἀγάθ’
2502 1463 2823 1551 εὐξαίμην
2863 1464 2953 1532 ἂν
2995 1471 3218 1551 ἔγωγε
3264 1481 3429 1549 παρ’

1128 1564 1326 1652 ἡμῖν6
1366 1563 1539 1634 εἶναι
1569 1571 1885 1651 πλεῖστα,
1929 1570 2040 1633 καὶ
2071 1566 2328 1653 ἄνδρας
2357 1568 2675 1653 ἀρίστους
2715 1570 2825 1634 καὶ
2854 1567 3175 1646 σινισίνούς7
3227 1565 3426 1650 εὐερ-

1127 1669 1320 1752 γέτας
1362 1675 1478 1755 τῆς
1517 1671 1776 1747 πόλεως
1816 1672 2133 1749 πολίτας8
2180 1666 2374 1736 εἶναι,
2478 1674 2619 1756 (68)
2678 1676 2968 1755 Πρῶτον
3012 1671 3140 1756 μὲν
3179 1673 3430 1736 τοίνυν

1128 1769 1417 1837 Κόνωνα
1458 1783 1800 1856 σκοπεῖτε,
1846 1774 1908 1838 εἰ
1935 1770 2044 1856 ἄρ’
2079 1771 2302 1856 ἄξιον,
2344 1774 3018 1859 καταμεμψαμένουςι
3063 1772 3108 1858 ἢ
3136 1770 3274 1839 τὸν
3306 1771 3426 1837 ἇν-

1129 1987 1223 2059 ‹1ui
1266 1984 1417 2042 vobis
1458 1984 1780 2043 benefacere
1821 1985 1977 2052 velit,
2035 2003 2184 2048 mox,
2230 1988 2275 2043 si
2318 1996 2547 2043 conatus
2578 2004 2686 2043 non
2718 1988 3115 2049 successerint.
3162 1985 3427 2044 hostibus

1129 2088 1332 2146 poenas
1364 2070 1609 2135 daturus,
1640 2070 1726 2127 sin
1759 2075 2141 2134 successerint,
2189 2071 2405 2128 infidam
2436 2090 2464 2128 a
2496 2071 2650 2129 vobis
2682 2074 2909 2147 gratiam
2945 2072 3221 2130 initurus?

1299 2156 1758 2230 67.1Aegerrin1e
1790 2173 1934 2220 vero,
1977 2157 2201 2219 iudices.
2235 2157 2452 2219 serrem,
2486 2158 2532 2213 si
2563 2159 2670 2214 hoc
2700 2158 2917 2214 nomine
2947 2159 3211 2215 duntaxat
3245 2155 3423 2229 legem

1129 2243 1248 2299 iure
1290 2259 1548 2301 accusare
1589 2251 1897 2316 putassem,
1950 2242 2098 2317 quod
2142 2242 2329 2299 multis
2361 2242 2664 2317 peregrinis
2697 2242 2833 2299 bene
2865 2243 3075 2299 meritis
3108 2243 3427 2299 immunita-

1133 2337 1238 2384 tem
1269 2329 1481 2402 eripiat.
1524 2327 1721 2384 civium
1753 2344 1881 2384 vero
1914 2329 2184 2384 neminem
2217 2345 2300 2384 me
2330 2329 2577 2403 proferre
2608 2343 2773 2402 posse
2803 2330 3068 2403 pularem,
3102 2331 3189 2386 cui
3223 2328 3423 2385 merito

1134 2414 1179 2469 is
1225 2412 1404 2469 honos
1446 2414 1789 2486 contigisset.
1875 2412 2005 2468 Nam
2038 2416 2272 2488 optarim
2304 2422 2365 2470 nt
2395 2431 2562 2489 quum
2595 2412 2820 2470 aliarum
2854 2430 3077 2488 quoque
3108 2432 3284 2488 opum
3317 2430 3424 2468 ma-

1131 2499 1271 2554 xima
1302 2497 1445 2571 apud
1473 2514 1570 2555 vos
1601 2500 1672 2555 sit
1701 2500 1887 2573 copia,
1930 2507 2046 2555 tum
2078 2500 2676 2573 praestantissimorum
2708 2500 2945 2555 virorum
2988 2516 3054 2555 ac
3085 2498 3332 2556 fidelium
3364 2497 3424 2552 de

1132 2582 1405 2657 republica
1454 2582 1590 2640 bene
1635 2585 1954 2641 meritorum
1998 2583 2194 2641 civium
2226 2585 2315 2640 sit.
2408 2580 2526 2659 (68)
2559 2584 2799 2640 Primum
2830 2586 3001 2658 igitur
3028 2584 3314 2641 Cononem
3348 2586 3400 2638 in

1135 2667 1388 2731 tuemini.
1430 2674 1613 2747 ntrum
1657 2686 1889 2744 aequum
1932 2670 2005 2725 sit
2048 2668 2128 2726 vel
2173 2671 2343 2725 virum
2389 2669 2470 2725 vel
2512 2686 2602 2725 res
2644 2676 2829 2744 gestas
2876 2669 3201 2743 reprehendi
3234 2688 3302 2727 ae
3332 2669 3424 2724 do·

1265 2919 1318 2983 2)
1362 2912 1512 2985 ὑμᾶς
1550 2914 1632 2972 ἔτι
1669 2921 1801 2975 Obe.
1847 2949 1910 2959 -
1969 2915 2119 2989 ὑμᾶς
2157 2908 2221 2972 εὖ
2267 2920 2472 2985 (etiam
2516 2920 2890 2987 praecedente
2938 2908 3030 2986 εὖ)
3080 2922 3182 2974 Ind
3221 2921 3344 2973 Fel.
3379 2938 3419 2969 s.

1130 3006 1183 3067 3)
1223 2996 1325 3056 ἐὰν
1348 3004 1519 3072 Augl.
1548 3034 1609 3042 —
1647 3023 1732 3058 om
1756 3007 1950 3058 Vindl.
2090 3007 2144 3069 4)
2183 3000 2290 3071 μὲν
2322 3022 2407 3057 om
2432 3006 2483 3056 k.
2511 3034 2572 3043 —
2611 3011 2741 3057 ante
2767 2995 2841 3057 ἄν
2865 3007 3021 3073 ponit
3042 3023 3087 3061 ε.
3228 3008 3283 3069 5)
3324 2998 3423 3058 ε’ἀν

1130 3091 1305 3156 Augl.
1444 3091 1497 3154 6)
1534 3084 1927 3156 κατορθώσειν
1960 3109 2006 3146 ε.

1269 3189 1368 3251 67.
1441 3192 1492 3259 1)
1530 3192 1785 3260 δείξαιμι
1821 3211 1865 3248 ε.
1901 3210 1944 3247 υ.
2086 3193 2141 3258 2)
2179 3192 2408 3246 δίκαιον
2444 3210 2530 3245 om
2567 3194 2685 3245 Bav
2733 3191 2870 3258 (non
2907 3192 3036 3260 F?).
3081 3222 3147 3230 —
3202 3192 3418 3245 ‘Malim

1135 3275 1410 3337 diviuitas)
1458 3278 1796 3330 Reiskius.
1869 3277 2102 3331 δίκαιον
2138 3294 2327 3329 verum
2366 3283 2475 3340 est,
2522 3281 2653 3345 quia
2686 3277 2801 3330 dici
2832 3283 3018 3346 potest
3052 3272 3082 3331 ὁ
3121 3273 3299 3345 νόμος
3337 3276 3420 3330 δι’·

1048 3381 1064 3387 ·
1134 3356 1298 3423 ιιαιός
1335 3355 1452 3415 ἐστι
1487 3366 1845 3428 κατηγορεῖν.
1986 3364 2039 3427 3)
2086 3358 2283 3427 ξένους
2319 3374 2405 3414 om
2441 3364 2598 3419 Aldl.
2634 3363 2758 3415 Fel.
2794 3365 2931 3416 Mor.
2972 3365 3048 3428 (in
3086 3367 3243 3416 cuius
3282 3381 3417 3416 mar·

1136 3448 1265 3513 gine
1311 3443 1473 3512 ξένος
1519 3449 1732 3514 corrige
1778 3449 1836 3498 in
1881 3445 2120 3513 ξένους).
2204 3449 2514 3515 Opponitur
2560 3447 2674 3501 τῶν
2717 3442 2783 3501 δὲ
2826 3448 3089 3504 πολιτῶν.
3227 3450 3284 3515 4)
3327 3449 3418 3500 δο-

1135 3530 1284 3584 κείοι
1308 3532 1429 3587 Ald.
1465 3558 1533 3569 —
1569 3531 1810 3598 δοκείην
1833 3535 1971 3585 Mor.
1998 3533 2171 3587 AldV.
2196 3535 2395 3587 Weim.
2466 3534 2728 3586 Mendnm
2762 3539 3128 3586 servaverunt
3160 3535 3417 3586 Reiekins

1138 3622 1245 3668 etc.
1284 3643 1350 3653 -
1396 3616 1638 3684 δοκοίην
1673 3616 2001 3686 (vulgatum)
2047 3624 2173 3686 post
2208 3616 2399 3683 δεῖξαι
2434 3620 2484 3671 lc.
2622 3621 2677 3684 5)
2713 3616 2812 3671 καὶ
2847 3613 2959 3686 γὰρ
2994 3616 3095 3671 καὶ
3128 3620 3248 3671 Pel.
3286 3621 3420 3672 Mor.

1136 3703 1308 3769 Augl.
1353 3703 1417 3756 F.
1461 3703 1510 3757 k.
1550 3710 1585 3753 t.
1622 3720 1665 3754 v.
1704 3704 1770 3754 X.
1818 3720 1942 3755 corr
1985 3707 2016 3755 2
2063 3704 2136 3756 H.
2184 3732 2251 3741 —
2309 3705 2583 3770 posterius
2630 3702 2730 3756 καὶ
2777 3721 2865 3755 om
2911 3703 2976 3758 Σ.
3014 3704 3224 3759 LaurS.
3272 3705 3415 3768 vulg.

1138 3787 1304 3839 ‘Mihi
1356 3787 1449 3839 hic
1503 3803 1609 3840 non
1664 3789 1844 3855 magis
1897 3789 2117 3842 videtur
2172 3790 2370 3841 abesse
2417 3806 2578 3856 posse
2632 3806 2797 3856 quam
2848 3790 2998 3842 infra
3049 3807 3100 3856 p.
3139 3778 3266 3854 481³,
3306 3787 3414 3844 28)

1137 3872 1573 3928 Schaeferus.
1645 3876 1720 3926 At
1752 3872 1850 3927 καὶ
1889 3879 2021 3926 ante
2058 3866 2164 3941 γάρ
2211 3876 2264 3926 h.
2303 3875 2341 3930 l.
2381 3876 2822 3942 coniungendam
2870 3890 2990 3926 cum
3033 3863 3227 3929 τᾶλλα.
3299 3873 3414 3926 vid.

1139 3958 1210 4009 ad
1252 3957 1444 4010 Chers-
1489 3960 1538 4022 §-
1579 3960 1642 4011 18
1686 3965 1800 4014 not.
1839 3963 1919 4011 10.
2075 3961 2129 4026 6)
2176 3951 2316 4027 ὑμῖν
2360 3960 2555 4013 Vindl.
2714 3961 2768 4025 7)
2815 3960 3114 4021 πλείστους
3158 3960 3310 4027 vulg.
3356 3986 3413 3996 -

1137 4035 1374 4104 πιστοὺς
1409 4043 1512 4096 hoc
1550 4046 1717 4096 etiam
1755 4049 1995 4097 accentu
2031 4045 2332 4112 (superscr.
2370 4047 2544 4111 antiq.
2583 4062 2649 4112 γε)
2683 4044 3011 4110 πλείστους)
3050 4046 3117 4097 Σ.
3156 4074 3218 4082 -
3261 4044 3411 4098 πλεί-

1140 4144 1307 4190 στους
1351 4121 1583 4190 πιστοὺς
1627 4130 1837 4185 LaurS.
1911 4131 2365 4198 ‘Exspectaveris
2408 4133 2593 4198 posita
2635 4131 2854 4198 vulgari
2897 4131 3089 4182 ordine
3124 4130 3414 4189 πλείστους

1139 4213 1237 4268 καὶ
1274 4205 1554 4280 ἀρίστους.
1614 4216 1711 4267 sed
1745 4232 1855 4267 non
1889 4221 2098 4269 temere
2132 4220 2320 4269 orator
2354 4216 2500 4269 hune
2536 4216 2781 4268 ordinem
2816 4216 3071 4275 invertit,
3107 4215 3327 4267 scilicet
3358 4219 3414 4264 ut

1143 4304 1376 4353 πλεῖστα
1421 4327 1485 4336 -
1536 4300 1835 4362 πλείστους
1879 4302 1986 4353 sibi
2028 4303 2173 4354 inter
2207 4318 2268 4354 se
2304 4302 2636 4354 luculentius
2670 4298 3109 4368 responderent)
3174 4300 3409 4349 Sebae-

1151 4393 1346 4440 κλιτῦς.
1419 4386 1601 4452 Magis
1637 4388 1899 4439 convenit
1932 4402 2077 4454 quae
2114 4387 2416 4454 praebetur
2450 4389 2506 4438 in
2543 4386 2665 4454 ρτΣ
2696 4386 3001 4450 sententia,
3046 4390 3109 4435 ut
3142 4385 3291 4435 notio
3327 4400 3409 4434 eo·

1147 4473 1269 4537 pisto
1316 4487 1345 4521 e
1389 4474 1733 4538 praegressis
1767 4476 2068 4540 repetatur.
2142 4473 2228 4523 Cf.
2265 4474 2313 4536 ἕ.
2352 4474 2476 4523 162:
2534 4466 2784 4539 τριήρεις
2828 4463 3043 4531 πολλὰς
3086 4465 3189 4521 καὶ
3225 4463 3410 4531 ξένους

1151 4557 1239 4605 καὶ
1276 4548 1486 4616 πόλεις.
1625 4557 1679 4622 8)
1717 4556 2009 4616 πολιτείας
2042 4575 2084 4608 s.
2122 4557 2317 4608 Vindl.

1277 4653 1377 4713 68.
1451 4658 1501 4723 l)
1537 4652 2068 4726 καταμεμψαμένου
2102 4659 2297 4711 Vindl.
