3950 5609
539 617 761 659 nenosrnnurs
778 618 829 659 on.
845 619 1008 662 nnvnneue
1023 621 1191 660 nnnrrunu.
1378 597 1438 661 119

282 761 400 839 δεῖξαι
422 763 642 847 δυνήσεσθαι.
681 759 722 828 dii
743 763 781 829 di
803 761 919 847 πρὸςω
939 775 1012 840 τοῖς
1031 767 1285 851 θεσμοθέταιςΙΙ
1310 770 1437 848 ἔλεγεν,

283 861 386 928 ταῦτ’
405 869 486 941 ἴσως
501 865 609 948 λέγων
624 865 790 950 παράγειν
805 864 925 950 ὑμεῖς12
940 867 1081 951 ζητήσει.
1114 869 1179 952 ἔφη
1194 865 1259 951 γάρ
1275 867 1438 952 ἐξαπάτης
1452 889 1477 926 10

284 966 442 1031 εἴνειια13
466 967 752 1050 παραγεγράφθαι
776 971 899 1032 τοῦτον
919 964 980 1032 τὸν
995 968 1118 1052 νόμον,
1145 965 1206 1034 ἐάν
1221 968 1253 1033 d'
1281 966 1322 1034 ὃν
1337 967 1438 1046 αὐτὸς

284 1069 418 1152 ἔθηκεν
433 1071 536 1153 λυθῇ,
552 1072 675 1132 τοῦτον
689 1065 732 1133 οὐ
746 1069 961 1154 τεθήσεσθαι.
1009 1071 1081 1156 (99)
1094 1065 1175 1152 Ἐγώ
1192 1069 1236 1153 d’,
1253 1068 1381 1155 ὅτιμὲν
1397 1075 1437 1155 τῇ

285 1165 454 1255 ὑμετέρα1
478 1170 581 1255 ψήφῳ
601 1169 725 1234 τούτου
745 1172 826 1235 τοῦ2
847 1171 955 1254 νόμον
980 1171 1145 1247 λυθέντος
1165 1168 1224 1235 τὸν
1245 1193 1436 1257 παρειςενε-

284 1271 419 1354 χθέντα
440 1270 561 1354 κύριον
581 1267 669 1337 εἶναι
688 1277 805 1353 σαφῶς
826 1270 846 1338 o‘
867 1269 1008 1349 παλαιὸς
1023 1271 1154 1338 κελεύει
1170 1273 1283 1357 νόμος,
1299 1274 1381 1339 καθ’
1396 1271 1437 1338 ὃν

284 1373 321 1438 oi
338 1373 551 1458 θεσμοθέται
570 1378 694 1439 τοῦτον
708 1369 810 1458 ὑμῖν3
825 1374 1064 1458 παρέγραψαν,
1093 1373 1199 1458 ἐάσω,
1225 1375 1283 1440 ἵνα
1297 1373 1342 1460 μή
1359 1375 1436 1460 περὶ
1451 1393 1475 1433 1⁵

285 1575 455 1626 monstrare.
486 1586 555 1643 quac
571 1586 634 1626 vero
649 1569 721 1644 epod
736 1569 945 1626 Tiresmothetes
960 1569 1040 1632 dixit.
1064 1586 1094 1626 cn
1111 1569 1227 1626 fortusse
1243 1570 1287 1628 hic
1301 1578 1437 1645 repetens.

284 1671 334 1710 ros
356 1653 565 1711 circumducere
586 1654 736 1711 conabitur.
779 1655 845 1710 dixit
870 1655 943 1711 enim
964 1656 1131 1728 imposturae
1152 1655 1239 1728 gratia
1260 1655 1347 1728 legem
1369 1655 1439 1712 liunc

285 1747 412 1795 nostram
429 1757 491 1795 esso
507 1738 669 1813 adscriptum
685 1749 713 1795 et
728 1741 907 1814 propositum.
923 1739 946 1795 si
963 1757 1027 1795 vcro
1044 1757 1083 1802 ee.
1101 1757 1180 1814 qtuun
1197 1741 1256 1813 ipsc
1273 1740 1376 1802 tulerit,
1391 1739 1437 1796 ob·

285 1832 415 1894 rogetur,
432 1823 505 1880 iilum
521 1841 576 1880 non
591 1824 725 1898 perlatum
741 1825 785 1882 iri.
829 1821 889 1899 (99)
905 1823 962 1896 Ego
978 1841 1042 1881 vero
1058 1825 1156 1881 vostris
1172 1824 1281 1898 quidem
1297 1824 1437 1898 suffragiis

287 1909 340 1964 iota
355 1908 422 1981 iege
437 1908 585 1984 abrogato,
606 1909 782 1966 sirbstitutmn
803 1909 879 1965 iliius
893 1909 956 1966 ioco
971 1917 1056 1965 rutum
1072 1927 1133 1966 osse
1149 1919 1239 1966 vetere
1254 1909 1316 1984 lege
1332 1911 1437 1984 perspi-

285 2011 337 2050 euc
359 1994 466 2057 iuberi.
487 1995 635 2050 secuudum
651 2011 731 2068 quem
747 1995 958 2051 Thesmotimtne
973 1994 1050 2052 voltis
1071 1994 1141 2052 trono
1155 1995 1316 2069 eriseriptem
1337 2011 1437 2069 posuc-

354 2214 383 2276 9)
403 2217 468 2278 pont
485 2199 599 2262 ditiora
612 2209 675 2274 (ui)
690 2215 733 2262 eet
745 2227 826 2262 ernon
837 2208 876 2264 Ω.
948 2211 990 2275 10)
1010 2205 1042 2263 δὲ
1062 2201 1095 2262 τά
1109 2205 1180 2274 πρὸς
1193 2211 1226 2264 F.
1239 2230 1260 2261 o.
1332 2213 1374 2270 11)
1393 2228 1436 2276 γρ.

286 2293 354 2356 τοὺς
373 2290 559 2363 θεσμοθέτας
575 2295 662 2347 Aldu.
680 2323 713 2334 -
731 2299 793 2354 ταῖς
809 2289 983 2362 νομοθέταις
1002 2297 1061 2346 Bev
1080 2291 1149 2357 (non
1164 2295 1229 2360 Ν).
1266 2295 1380 2346 ‘Nescio
1400 2311 1436 2345 en

286 2380 408 2434 molino)
439 2379 611 2434 Reiekiue.
652 2380 716 2431 ‘Vir
738 2381 837 2432 doetus
857 2396 908 2432 uuo
931 2379 1052 2446 periculo
1075 2379 1206 2430 emendat
1226 2373 1369 2446 παράγειν
1386 2376 1436 2430 καὶ

285 2457 371 2530 ὑμᾶς.
409 2468 516 2542 minore
538 2465 663 2532 periculo
686 2467 825 2517 coniicere
848 2465 986 2532 potuisset
1008 2463 1182 2516 scribendum
1205 2457 1277 2527 πρὸς
1299 2457 1364 2524 τοὺς
1385 2464 1435 2515 θε-

287 2545 449 2617 σμοθέτας,
473 2550 545 2616 quod
568 2550 655 2602 ochoi.
674 2549 786 2601 uidetur
806 2551 921 2617 legione.
956 2551 1063 2601 'l'emen
1085 2565 1120 2600 ne
1142 2549 1196 2600 hoe
1214 2547 1323 2613 quidem
1341 2565 1435 2601 verum

288 2638 418 2700 putarim.
450 2636 529 2698 Quod
547 2651 612 2686 vero
630 2635 685 2686 hue
702 2635 878 2686 nomothetee
896 2635 1071 2698 inuehuntur,
1091 2633 1271 2685 inleinsimum
1291 2639 1342 2689 ent.
1371 2634 1434 2686 Vid.

288 2720 417 2788 Prolegg.
437 2737 462 2787 p.
476 2719 617 2771 CXXXIX
634 2717 703 2786 nqq.'
727 2721 772 2771 Fr.
786 2721 817 2771 A.
831 2720 921 2771 Wolf
925 2721 986 2770 ino.
1022 2719 1101 2782 Quod
1118 2719 1152 2771 de
1165 2719 1339 2771 Nomothetie
1356 2719 1434 2770 licie-

288 2807 351 2857 triuo
369 2806 397 2855 h.
417 2805 435 2856 1.
456 2805 586 2870 cogitarit
607 2804 709 2856 fulsum
732 2811 784 2859 eet.
819 2821 882 2856 nem
900 2805 1080 2856 Nomothetnn
1098 2804 1178 2855 huius
1204 2820 1306 2856 caueae
1329 2803 1435 2855 indices

289 2891 375 2942 inisse
395 2890 614 2942 concludebatur
631 2889 739 2956 quidem
757 2907 771 2941 e
790 2893 815 2954 ξ.
833 2893 880 2942 ut:
902 2881 986 2956 ἡμεῖς
1005 2883 1037 2942 δὲ
1058 2930 1082 2943 ..
1100 2880 1196 2941 πάντα
1214 2889 1276 2942 ocii.
1295 2887 1435 2954 ποιοῦμεν

289 2975 399 3026 collatio
427 2991 490 3026 cum
515 2975 644 3026 Aeschini.
668 2975 742 3030 Ctee.
764 2978 788 3035 ἕ.
807 2976 848 3026 38.
895 2973 938 3024 Cf.
962 2975 1166 3027 Weetermnnn.
1189 2975 1231 3025 De
1254 2974 1436 3026 Documentin

288 3077 313 3126 p.
332 3063 367 3112 to
385 3076 427 3126 eq.
462 3061 499 3111 nt
516 3060 571 3111 uid.
591 3059 662 3125 quod
681 3065 778 3110 contre
795 3060 865 3111 dixit
882 3059 1087 3111 Schoemcnnue
1105 3059 1280 3110 doctissimus
1298 3057 1435 3124 singulari

289 3143 491 3196 dissertatione
503 3144 537 3196 de
551 3160 636 3196 cauea
647 3145 800 3210 Leptinen,
814 3145 893 3196 cuiun
905 3145 1040 3196 cntionem
1052 3157 1125 3194 nunc
1138 3144 1197 3210 ipse
1210 3145 1435 3194 Weetermannun
1505 3183 1515 3202 ,

290 3229 427 3282 condidus
449 3229 558 3295 probet.
593 3229 637 3281 Cf.
656 3243 740 3295 cupre
757 3229 792 3279 ud
810 3233 834 3291 ὅ.
852 3232 894 3282 91.
931 3229 1145 3280 Thermuthetne
1164 3233 1255 3279 entem
1273 3244 1330 3278 rein
1349 3231 1435 3278 nntee

291 3315 477 3365 examinatum
502 3306 532 3366 ἐν
555 3305 705 3378 ἀνακρίσει
728 3315 757 3364 in
778 3314 909 3364 indicium
926 3313 1103 3364 helicetieum
1126 3313 1254 3364 intulisse
1278 3304 1435 3378 (circipene)

290 3400 420 3452 videntur
438 3417 453 3451 e
473 3397 519 3450 cli.
538 3400 579 3460 ἓξ.
597 3402 631 3451 90
648 3403 677 3450 et
695 3401 743 3450 let
762 3415 823 3449 cum
846 3398 898 3449 hoe
919 3401 979 3464 iptio
1003 3397 1075 3448 loco.
1115 3397 1177 3448 Vid.
1199 3399 1289 3463 ipsum
1312 3399 1434 3448 Weeter·

292 3501 383 3540 menn.
402 3485 420 3534 l.
441 3501 466 3534 c.
484 3500 511 3549 p.
529 3487 571 3534 nt.
606 3485 755 3534 Hermann.
773 3483 886 3548 Autiqq.
904 3482 985 3538 Publ,
1004 3485 1028 3544 ἕ.
1048 3485 1094 3534 131
1114 3487 1170 3535 not.
1190 3485 1230 3535 12.
1266 3481 1307 3532 Ad
1325 3482 1433 3532 anneri-

291 3571 334 3620 rin
362 3569 486 3635 pertinet
515 3571 600 3619 etiem
628 3569 653 3629 ἕ.
671 3547 778 3620 99ιόἴ
803 3561 983 3633 θεσμοθέται
1009 3565 1112 3618 τοῦτον
1140 3557 1209 3632 ὑμῖν
1235 3559 1432 3632 παρέγραψαν.

293 3651 334 3716 12)
354 3653 443 3705 ‘Fert
456 3650 506 3704 noti
524 3645 612 3718 ὑμᾶς,
630 3671 674 3705 τοι
692 3669 799 3720 quoque.
834 3651 930 3725 eedem
949 3652 985 3702 nd
1003 3667 1052 3703 voc
1071 3667 1178 3718 quoque
1197 3649 1433 3703 commemorans)

292 3737 461 3789 Reiekine.
498 3737 587 3788 ‘Cave
610 3737 718 3789 oudino.
759 3741 783 3789 A
805 3737 904 3789 frende
927 3737 1102 3788 metuendum
1127 3740 1188 3787 erut
1204 3736 1271 3786 nolin
1289 3735 1433 3798 indicibus,

293 3839 376 3886 penes
395 3839 464 3890 quon
483 3828 558 3874 cenet
573 3814 653 3874 idm
670 3815 721 3874 τὸν
736 3814 844 3888 νόμον]
862 3820 1079 3873 Schneierue.
1151 3821 1193 3885 13)
1211 3815 1297 3872 ἕνεκα
1309 3819 1394 3885 Augl.
1408 3819 1432 3868 ir.

294 3934 325 3944 -
343 3907 442 3961 εἵνεκα
461 3908 494 3960 Σ.
511 3907 617 3960 LeurS.
634 3907 708 3974 vulg.
742 3908 870 3974 Prolegg.
889 3907 1009 3960 Grnmm.
1028 3909 1052 3969 ὅ,
1073 3908 1129 3959 116.

358 4006 410 4066 99.
453 4009 478 4074 1)
502 4000 625 4076 ἡμετέρᾳ
647 4009 744 4060 vindi.
818 4008 846 4074 2)
870 4007 920 4060 τοῦ
942 4001 1044 4060 τούτου
1068 4009 1295 4058 Westcrmennns
1318 4005 1351 4056 de
1375 4020 1433 4057 suo.

295 4093 336 4147 Ci.
353 4097 395 4158 ἃς.
414 4098 456 4148 30.
474 4097 516 4146 ut.
537 4097 578 4145 95.
596 4093 698 4146 -τοῦ
716 4085 806 4160 νόμον
824 4086 927 4146 τοάτοο
944 4095 967 4156 ξ.
986 4094 1026 4144 18.
1044 4079 1127 4153 οὗτος
1145 4085 1160 4144 ὁ
1180 4084 1266 4157 νόμος
1285 4091 1318 4142 de
1337 4089 1433 4142 eedem

295 4176 354 4246 lege
372 4183 396 4243 ξ.
415 4183 456 4231 10.
483 4170 603 4245 ὁνάμος
621 4165 703 4239 οὗτος
720 4180 744 4239 ‘3'-
765 4181 806 4228 17.
834 4177 937 4230 τοῦτον
955 4174 1005 4230 τὸν
1022 4170 1112 4244 νόμον
1133 4178 1173 4240 55.
1194 4177 1325 4257 169163.
1349 4176 1433 4226 etiem

297 4305 344 4366 τὸν
362 4311 450 4382 νόμον
467 4317 507 4377 ἕξ.
521 4317 534 4365 1
548 4331 608 4381 oqq.
627 4320 656 4366 et
672 4287 805 4381 poesim..
854 4313 887 4379 3)“
899 4307 971 4382 ἡμῖν
983 4315 1018 4370 Σ.
1037 4314 1113 4381 vulg.
1132 4339 1165 4350 -
1183 4261 1254 4378 άμῖν
1270 4311 1294 4364 Ιι.
1313 4337 1346 4348 -
1363 4302 1434 4374 ὑμῖν

296 4397 401 4455 Aldetc.
419 4401 524 4453 LeurS.
543 4397 612 4464 (Π).
653 4391 735 4466 *ὑμῖν
754 4416 790 4450 en
806 4392 877 4466 ἡμῖν
894 4400 1019 4466 legetur,
1042 4399 1157 4466 perinde
1177 4396 1314 4452 οτ1.111αὰ
1333 4401 1375 4448 ent
1391 4413 1433 4448 oo·

297 4481 347 4544 oo,
368 4488 524 4537 inventrem
538 4487 663 4550 protimn,
685 4490 717 4536 ut
737 4485 872 4537 rideretis
895 4492 980 4552 etque
1003 4484 1178 4546 indic-arctim
1208 4483 1261 4534 hoc
1279 4490 1390 4534 nostrum
1408 4488 1434 4532 to

296 4570 415 4631 protam,
442 4577 530 4622 nostro
557 4568 674 4635 ropoto.’
709 4571 879 4622 Reiekiue.
927 4569 1071 4621 ‘Praestet
1092 4559 1162 4635 ὑμῖν
1183 4568 1211 4619 h.
1231 4584 1255 4618 e.
1277 4569 1304 4618 in
1323 4570 1433 4632 pretinm

298 4659 410 4716 ocrtrorrr,
428 4671 476 4707 neu
493 4663 519 4706 ot
535 4656 613 4706 verda
628 4657 692 4722 lepte
703 4656 735 4706 ab
753 4655 876 4718 omnibns,
896 4658 940 4721 qni
955 4657 1057 4714 velient,
1075 4656 1126 4719 {epi
1142 4661 1166 4704 et
1184 4653 1294 4704 iudicari
1308 4648 1432 4718 perorent.¹
