3950 5609
548 557 609 622 152
793 577 1017 620 usuosrusme
1032 576 1083 619 oe.
1099 575 1262 620 novensem
1277 577 1445 620 nermuun.

544 718 586 812 ἦῖ
606 729 668 792 τοῦ
690 725 879 810 pecccatum
901 728 1004 790 τοῦτο
1023 721 1090 808 γὰρ
1111 722 1244 790 λοιπόν.
1285 721 1328 790 οὕ
1348 725 1498 809 δήπου,3
1519 721 1609 790 ἀλλὰ
1628 746 1691 788 τιν

547 831 738 914 ἐγκυκλίων
758 827 1019 911 λειτουργιῶν,4
1040 823 1086 904 οἱς
1112 823 1135 910 ἥ
1154 849 1190 892 τε
1212 825 1316 912 στήλη
1336 829 1437 912 δηλοῖ
1453 828 1510 892 καί
1532 823 1580 890 σύ
1595 846 1692 904 προς·

545 929 726 1014 διώρισας5
752 929 791 994 ἐν
814 932 860 1014 τῷ
886 928 980 1014 νόμῳ
1002 929 1059 993 καὶ
1081 939 1248 1012 μαρτυρεῖ
1265 927 1367 1006 negt
1390 925 1457 1013 πρὸ
1482 932 1546 994 τοῦ
1576 926 1693 1011 χρόνος

545 1031 712 1117 γεγονώς,
736 1031 775 1095 ἐν
795 1021 839 1117 ᾧ,
860 1030 1012 1116 τοσούτῳ
1032 1027 1070 1095 ιό
1090 1034 1221 1114 πλῆθος
1243 1029 1333 1114 ὄντι,
1355 1027 1436 1098 οὔτε
1452 1027 1546 1115 φυλὴ
1563 1024 1691 1094 πώποτ’

506 1155 533 1194 νο
547 1135 701 1218 ἐνεγκεῖν
722 1131 906 1216 ἐτόλμησεν
932 1129 1064 1216 οὐδεμί’
1087 1128 1211 1198 οὐδένα
1233 1137 1302 1197 τῶν
1324 1129 1383 1198 ἀπ’
1408 1132 1573 1198 ἐκοίνων6
1597 1153 1694 1214 χορη-

489 1241 492 1246 ’
546 1234 628 1321 γὸν7
644 1231 719 1302 οὔτ’
737 1234 906 1318 ἐνεχθεὶς8
921 1232 1037 1310 αὐτοῖς
1052 1230 1154 1310 ἄλλος
1168 1230 1282 1312 οὐδεὶς
1297 1231 1508 1300 ἀντιδοῦναι.
1556 1223 1622 1310 Οἷς
1635 1228 1694 1296 οὐκ

547 1335 733 1403 ἀκουστέον
747 1333 792 1400 ἂν
807 1335 965 1400 ἐναντίοι9
980 1339 1086 1421 τολμᾷ
1099 1336 1123 1376 ¹⁰
1137 1337 1259 1420 λέγειν.

633 1445 705 1504 131.
730 1436 805 1504 Ἐτι
825 1441 945 1502 τοίνυν
966 1442 1047 1514 ἴσως
1068 1437 1301 1522 ἐπισύροντες1
1327 1438 1486 1523 ἐροῦσιν,
1509 1435 1556 1516 ὡς
1579 1441 1695 1522 Meyn-

548 1642 605 1696 est.
627 1635 762 1690 immunes
783 1649 832 1689 eus
847 1649 916 1690 esse.
960 1633 1044 1688 Cuius
1059 1633 1116 1688 rei?
1145 1649 1209 1689 num
1226 1633 1319 1690 tributi
1336 1635 1409 1710 quod
1425 1633 1551 1710 inquilini
1568 1632 1695 1690 solvunt?

548 1721 602 1776 hec
622 1721 695 1776 enim
715 1717 852 1792 reliquum
867 1725 917 1774 est
960 1718 1069 1774 Minime
1085 1718 1203 1782 scilieet.
1226 1719 1274 1776 sed
1292 1735 1387 1776 eorum
1401 1735 1560 1782 munerum.
1584 1734 1656 1794 quae
1670 1718 1694 1772 in

549 1805 643 1863 urbem
664 1803 793 1864 redeunt.
820 1803 1046 1878 quemadmodum
1067 1812 1096 1860 et
1116 1811 1207 1862 statua
1228 1803 1330 1862 indicat
1350 1813 1378 1862 et
1399 1813 1428 1861 tu
1450 1807 1566 1880 insuper
1587 1805 1615 1860 in
1638 1803 1695 1876 lege

548 1889 678 1946 definiisti
697 1897 727 1944 et
747 1889 838 1946 emnia
857 1890 1001 1964 superiora
1022 1897 1145 1964 tempera
1167 1897 1318 1956 testantur,
1341 1906 1411 1965 quae
1431 1907 1515 1964 quum
1535 1890 1695 1962 longissima

549 1975 769 2037 intercesserint,
790 1989 842 2030 nec
860 1974 949 2030 tribus
963 1990 1084 2048 unquam
1100 1971 1155 2030 ulia
1171 1991 1325 2050 quenquam
1341 1993 1374 2032 ex
1388 1975 1497 2032 iliorum
1514 1975 1619 2031 inmitis
1635 1974 1695 2030 cho·

549 2077 646 2136 regum
673 2061 813 2116 nominare
838 2076 903 2116 ausa
927 2059 995 2121 tuit,
1025 2077 1077 2116 nec
1102 2061 1257 2116 nominatus
1283 2061 1381 2135 aliquis
1408 2061 1441 2118 ad
1467 2060 1695 2136 permutationem

511 2181 521 2192 -
550 2146 709 2204 facultatum
724 2162 773 2201 ees
787 2161 946 2220 provocare.
990 2144 1079 2215 Quare
1100 2144 1306 2203 auscultandum
1322 2147 1368 2202 isti
1385 2163 1438 2203 uon
1455 2153 1512 2208 est.
1534 2148 1557 2202 si
1575 2146 1619 2202 his
1634 2159 1695 2200 cen·

550 2233 633 2288 traria
648 2229 773 2305 proferre
787 2247 873 2287 ausus
889 2229 981 2288 inerit.

637 2315 705 2374 131.
733 2315 878 2374 Praeterea
899 2316 1017 2372 fortasse
1042 2315 1138 2372 leviter
1164 2316 1268 2380 dicent,
1296 2317 1468 2390 Megarenses
1495 2325 1524 2374 et
1547 2315 1695 2372 Messenius

618 2515 647 2582 2)
660 2504 678 2582 ἢ
690 2516 763 2566 libri.
781 2502 801 2582 ἦ
812 2516 967 2567 Debreeus.
986 2514 1048 2564 Vid.
1060 2516 1185 2567 Bseuml.
1196 2517 1321 2568 Pertiec.
1335 2533 1361 2582 p.
1373 2519 1420 2568 127
1433 2531 1492 2582 sqq.
1506 2543 1540 2553 —
1551 2517 1596 2568 nd
1608 2530 1694 2580 peset-

551 2601 617 2655 κίον
627 2592 1215 2666 Aldssapeteeeveiceceeesicc.scholion.
1271 2603 1297 2664 3)
1311 2596 1346 2653 cri
1360 2593 1452 2668 eristen
1464 2618 1496 2668 pr
1505 2601 1546 2658 Ω.
1604 2601 1695 2663 fiter-

552 2687 678 2804 τουργιῶν
690 2735 717 2787 Σ
728 2738 808 2802 antiq
819 2752 901 2787 menn
914 2741 979 2789 este
993 2751 1129 2802 superscr.
1157 2737 1201 2788 Oi.
1214 2737 1277 2789 Cor.
1296 2740 1319 2800 §-
1332 2741 1391 2790 267.
1408 2765 1442 2775 -
1459 2735 1645 2804 λειτουργιῶν
1661 2731 1695 2786 εἴ·

551 2840 605 2890 περ
618 2818 692 2876 εἰσὶν
703 2812 815 2880 desiste
827 2821 923 2874 Vindl.
937 2836 952 2871 e
964 2822 992 2882 §⁰
1007 2823 1054 2872 129
1067 2823 1181 2874 confuse
1194 2825 1314 2888 repetita
1326 2829 1401 2876 eunt.
1424 2824 1496 2875 idem
1508 2822 1597 2876 codex
1609 2839 1651 2874 om
1663 2813 1696 2878 nic

552 2896 572 2976 ἦ
588 2924 619 2960 τε
638 2943 681 2964 ,..
699 2897 744 2960 σὺ.
814 2906 840 2970 5)
857 2903 1060 2971 προσδιορίσας
1072 2906 1140 2958 Obs.
1158 2935 1190 2944 -
1210 2900 1370 2974 neuqipteec
1381 2908 1468 2976 Aegl.
1482 2909 1507 2966 lc.
1519 2925 1543 2962 e.
1555 2907 1655 2958 vineti.
1666 2931 1695 2940 -

553 2992 727 3060 προείρηκοις
750 2990 802 3042 cod
819 3008 846 3056 η.
870 3016 903 3026 -
931 2983 1142 3055 προσδιώρισας
1160 2993 1194 3044 Σ.
1213 2993 1317 3066 Laurs.
1337 2993 1412 3061 vulg.
1435 3019 1468 3030 -
1499 2991 1612 3044 ‘Scribe
1635 3005 1697 3054 κρο·

554 3073 706 3145 διώρισας,
729 3081 761 3127 ut
782 3076 900 3141 passim,
924 3083 984 3126 ante
1007 3075 1166 3140 definivisti*
1197 3077 1429 3131 Marklandus.
1465 3078 1550 3142 ινιρος
1568 3081 1648 3129 notet
1662 3078 1695 3124 ἰο-

552 3181 640 3230 super,
658 3165 699 3213 ite
716 3166 748 3212 nt
766 3163 919 3212 auctoritas
937 3162 1066 3226 Leptinis
1084 3163 1241 3213 testimonio
1259 3162 1403 3214 columnae
1420 3163 1555 3215 accedere
1572 3155 1695 3214 dicutur.¹

553 3247 831 3301 Fr.A.Wolfius.
905 3246 933 3311 6)
953 3237 1067 3299 ἐκείνου
1084 3246 1170 3300 elev,
1188 3249 1276 3312 Aegl.
1294 3248 1320 3298 tc.
1337 3264 1360 3299 s.
1378 3249 1474 3300 Vindl.
1516 3248 1608 3300 ‘Idem
1626 3247 1695 3310 Augu

557 3334 627 3384 alibi
645 3339 752 3398 quoque
774 3329 811 3398 [ξ.
831 3334 871 3383 18.
890 3331 953 3382 vide
972 3331 1007 3381 ad
1026 3332 1046 3382 i.
1066 3331 1120 3397 leg.
1139 3333 1162 3393 §.
1181 3329 1247 3400 280]
1268 3333 1297 3383 in
1320 3333 1438 3384 formula
1460 3333 1516 3384 τῶν
1534 3324 1591 3398 ἀφ’
1611 3324 1696 3396 Ἀργο-

556 3416 623 3470 δίον
640 3415 690 3468 κα)
705 3408 939 3484 Ἀριστογείτονος
960 3418 1098 3483 posterius
1121 3417 1173 3468 hoc
1190 3433 1289 3468 nomen
1313 3415 1391 3484 [cum
1409 3417 1550 3485 particula
1568 3414 1634 3482 cei]
1656 3429 1696 3464 es-

557 3503 660 3567 cludit,
687 3502 779 3571 studie
803 3501 936 3553 videlicet
962 3501 1127 3552 emendandi
1150 3500 1295 3554 auctoru)
1331 3503 1382 3554 Fr.
1400 3503 1432 3552 A.
1452 3501 1600 3554 Weliius
1624 3513 1694 3568 prse-
1781 3563 1782 3572 ἵ

557 3593 641 3640 eunte
663 3586 787 3640 Reiskio.
868 3587 896 3650 7)
920 3585 1050 3653 χορηγῶν
1071 3601 1132 3638 corr
1148 3605 1171 3640 υ.
1252 3585 1278 3651 8)
1298 3579 1479 3653 {renitimur
1502 3587 1564 3640 nm.
1583 3587 1652 3638 Mor.
1668 3607 1695 3618 -·

556 3665 720 3739 ἓνεγθεῑσιν
737 3672 799 3723 Fel.
817 3673 886 3722 Mor.
904 3689 951 3723 rec
970 3672 1137 3723 eorrLeurS.
1153 3672 1185 3722 F.
1204 3679 1223 3722 t.
1242 3690 1265 3722 υ.
1284 3673 1318 3722 X.
1341 3699 1374 3709 —
1397 3689 1439 3738 γρ.
1459 3665 1610 3740 iven-&eie
1627 3666 1696 3724 AldV

558 3775 574 3810 ο
592 3757 710 3808 Woliise
734 3748 878 3824 ἐνεχθεὶς,
901 3763 934 3808 ut
951 3758 987 3810 Σ.
1010 3757 1147 3823 prLsurS.
1166 3756 1241 3822 vulg.
1259 3783 1293 3793 -
1322 3747 1454 3823 teszcete
1475 3749 1567 3823 ἤγουν
1583 3753 1695 3822 προβλη-

558 3839 624 3903 θεὶς
646 3846 781 3910 χορηγεῖν
798 3842 886 3892 Aldss.
966 3841 993 3907 9)
1013 3835 1131 3894 ἔναντιά
1154 3829 1236 3900 οὗτος
1258 3841 1363 3892 mavult
1384 3843 1527 3898 Reiskins.
1563 3843 1638 3893 ‘Hoc
1654 3854 1694 3905 pe·

558 3929 614 3980 tius
636 3943 736 3980 nerum
759 3927 911 3994 exemplum
933 3919 1069 3978 habemus
1092 3927 1192 3980 ceteris
1216 3927 1251 3976 ab
1275 3927 1367 3978 alters
1385 3921 1626 3992 (specierumque)
1644 3938 1696 3991 per·
1781 3985 1782 4000 ἶ

558 4029 628 4064 sone
651 4013 687 4064 ed
705 4013 821 4064 niteram
841 4009 1172 4080 (eoippitransitienis’
1203 4013 1253 4062 Fr.
1271 4013 1304 4064 A.
1325 4011 1480 4068 Weliius.
1551 4012 1595 4076 10)
1619 4003 1697 4073 ceint?

559 4114 603 4150 om
619 4115 643 4151 r.
661 4115 695 4164 pr
712 4097 770 4149 Mel
789 4094 855 4163 (add
867 4096 943 4163 Chr).

627 4196 689 4256 131.
724 4200 751 4265 1)
774 4191 958 4264 διασύροντες
981 4199 1032 4250 cod
1051 4200 1072 4261 ζ.
1095 4199 1209 4251 volebat
1231 4198 1383 4250 Hwolfius.
1408 4225 1439 4236 -
1471 4191 1653 4262 ἐπισύροντες
1668 4193 1697 4246 Σ.

559 4284 663 4337 LsurS.
683 4284 758 4349 vulg.
777 4285 864 4335 etiam
880 4285 1000 4350 Apsines
1022 4285 1074 4336 Rh.
1093 4285 1124 4334 Τ.
1142 4283 1183 4335 lX
1200 4300 1226 4349 p.
1244 4285 1294 4336 506
1312 4285 1355 4336 W.
1396 4283 1531 4336 Defendit
1553 4283 1697 4350 Erlengen·

560 4371 602 4421 sis
618 4369 787 4420 Sehseierus
805 4369 952 4431 (Observr.
971 4367 1008 4420 ad
1024 4371 1104 4421 Dem.
1131 4369 1245 4436 Erlung.
1266 4369 1342 4435 1829)
1361 4387 1388 4436 p.
1408 4372 1447 4420 12.
1484 4367 1632 4420 Sententia
1649 4369 1697 4418 est:

562 4454 606 4505 ‘Si
628 4454 784 4505 adversarii
805 4456 990 4506 immunitatis
1011 4459 1096 4506 etism
1119 4455 1275 4522 peregrinis
1301 4459 1412 4507 vetante
1437 4454 1532 4520 eliqua
1556 4454 1619 4520 lege
1643 4466 1697 4504 con·

563 4554 660 4591 cessae
684 4525 809 4605 eiemple
826 4541 856 4590 in
873 4546 1002 4606 promptu
1019 4540 1193 4603 habuissent,
1217 4557 1270 4592 nee
1288 4540 1331 4591 illi
1349 4539 1407 4591 tele
1426 4544 1632 4607 argumentum,
1654 4548 1697 4602 quo

492 4638 495 4644 ·
562 4625 678 4676 ebusum
698 4624 882 4678 immunitatis
904 4625 949 4677 vel
973 4627 1090 4676 maxime
1110 4627 1238 4677 evincere
1256 4629 1398 4694 peterent,
1422 4639 1476 4676 nen
1493 4627 1584 4676 ieviter
1601 4628 1630 4674 et
1646 4629 1697 4673 tuu-
